02RETORNO01COBRANCA       1584870000003760    IPAD                          104C ECON FEDERAL 310806                                                                                                                                                                                                                                                                                                 00279000001
102021974950001161584870000003760                             82000048334      000                        1421310806                              000000000000000760000141966000000000000270663101010906              0000000000000000000000000000000000000000000000007600000000000000000000000000001010906                         0000000000000000000000000                                             000002
102021974950001161584870000003760                             82000048342      000                        1421310806                              000000000000000760010400523000000000000125647101010906              0000000000000000000000000000000000000000000000007600000000000000000000000000001010906                         0000000000000000000000000                                             000003
102021974950001161584870000003760                             82000048350      000                        1421310806                              000000000000000760010400523000000000000125647101010906              0000000000000000000000000000000000000000000000007600000000000000000000000000001010906                         0000000000000000000000000                                             000004
102021974950001161584870000003760                             82000048458      000                        1421310806                              000000000000000760000141966000000000000270663101010906              0000000000000000000000000000000000000000000000007600000000000000000000000000001010906                         0000000000000000000000000                                             000005
102021974950001161584870000003760                             82000048490      000                        1421310806                              000000000000000760010400523000000000000125647101010906              0000000000000000000000000000000000000000000000007600000000000000000000000000001010906                         0000000000000000000000000                                             000006
102021974950001161584870000003760                             82000048512      000                        1421310806                              000000000000000760000111126000000000000270663101010906              0000000000000000000000000000000000000000000000007600000000000000000000000000001010906                         0000000000000000000000000                                             000007
102021974950001161584870000003760                             82000048555      000                        1421310806                              000000000000000760010409148000000000000125620101010906              0000000000000000000000000000000000000000000000007600000000000000000000000000001010906                         0000000000000000000000000                                             000008
102021974950001161584870000003760                             82000048580      000                        1421310806                              000000000000000760010400523000000000000125647101010906              0000000000000000000000000000000000000000000000007600000000000000000000000000001010906                         0000000000000000000000000                                             000009
102021974950001161584870000003760                             82000048636      000                        1421310806                              000000000000000760000141966000000000000270663101010906              0000000000000000000000000000000000000000000000007600000000000000000000000000001010906                         0000000000000000000000000                                             000010
102021974950001161584870000003760                             82010323133      000                        1421310806                              100806000000000660010409148000000000000125647101010906              0000000000000000000000000000000000000000000000006795000000000019500000000000001010906                         0000000000000000000000000                                             000011
102021974950001161584870000003760                             82030217142      000                        1421310806                              100906000000000760006500016000000000000270663101010906              0000000000000000000000000000000000000000000000007600000000000000000000000000001010906                         0000000000000000000000000                                             000012
102021974950001161584870000003760                             82030547134      000                        1421310806                              150906000000000760010409148000000000000125620101010906              0000000000000000000000000000000000000000000000007600000000000000000000000000001010906                         0000000000000000000000000                                             000013
102021974950001161584870000003760                             82030910131      000                        1421310806                              100906000000000760010407757000000000000125647101010906              0000000000000000000000000000000000000000000000007600000000000000000000000000001010906                         0000000000000000000000000                                             000014
102021974950001161584870000003760                             82060504123      000                        1421310806                              100806000000000760010409172000000000000125647101010906              0000000000000000000000000000000000000000000000007911000000000031100000000000001010906                         0000000000000000000000000                                             000015
102021974950001161584870000003760                             82060517128      000                        1421310806                              100806000000000760010409172000000000000125647101010906              0000000000000000000000000000000000000000000000007899000000000029900000000000001010906                         0000000000000000000000000                                             000016
102021974950001161584870000003760                             82060517136      000                        1421310806                              100906000000000760035601326000000000000270663101010906              0000000000000000000000000000000000000000000000007600000000000000000000000000001010906                         0000000000000000000000000                                             000017
102021974950001161584870000003760                             82060607151      000                        1421310806                              150806000000000750010412424000000000000125647101010906              0000000000000000000000000000000000000000000000007762000000000026200000000000001010906                         0000000000000000000000000                                             000018
102021974950001161584870000003760                             82060906132      000                        1421310806                              100906000000000760010400469000000000000125647101010906              0000000000000000000000000000000000000000000000007600000000000000000000000000001010906                         0000000000000000000000000                                             000019
102021974950001161584870000003760                             82060911136      000                        1421310806                              000000000000000760039928996000000000000270663101010906              0000000000000000000000000000000000000000000000007600000000000000000000000000001010906                         0000000000000000000000000                                             000020
102021974950001161584870000003760                             82060935124      000                        1421310806                              000000000000000760039928996000000000000270663101010906              0000000000000000000000000000000000000000000000007600000000000000000000000000001010906                         0000000000000000000000000                                             000021
102021974950001161584870000003760                             82070711130      000                        1421310806                              000000000000000760039928996000000000000270663101010906              0000000000000000000000000000000000000000000000007600000000000000000000000000001010906                         0000000000000000000000000                                             000022
102021974950001161584870000003760                             82070720120      000                        1421310806                              200806000000000760010405592000000000000125647101010906              0000000000000000000000000000000000000000000000007835000000000023500000000000001010906                         0000000000000000000000000                                             000023
102021974950001161584870000003760                             82090504164      000                        1421310806                              300806000000000375010408770000000000000240655100310806              0000000000000000000000000000000000000000000000003825000000000007500000000000001310806                         0000000000000000000000000                                             000024
102021974950001161584870000003760                             82090504172      000                        1421310806                              300806000000000375010408770000000000000240655100310806              0000000000000000000000000000000000000000000000003825000000000007500000000000001310806                         0000000000000000000000000                                             000025
102021974950001161584870000003760                             82090717168      000                        1421310806                              100906000000000750010408770000000000000125647101010906              0000000000000000000000000000000000000000000000007500000000000000000000000000001010906                         0000000000000000000000000                                             000026
102021974950001161584870000003760                             82090717176      000                        1421310806                              100906000000000750010408770000000000000125647101010906              0000000000000000000000000000000000000000000000007500000000000000000000000000001010906                         0000000000000000000000000                                             000027
102021974950001161584870000003760                             82090819122      000                        1421310806                              300806000000000450010408770000000000000125647101010906              0000000000000000000000000000000000000000000000004591000000000009100000000000001010906                         0000000000000000000000000                                             000028
102021974950001161584870000003760                             82090819130      000                        1421310806                              300806000000000450010408770000000000000125647101010906              0000000000000000000000000000000000000000000000004591000000000009100000000000001010906                         0000000000000000000000000                                             000029
102021974950001161584870000003760                             82091110178      000                        1421310806                              300806000000000750010408770000000000000125647101010906              0000000000000000000000000000000000000000000000007658000000000015800000000000001010906                         0000000000000000000000000                                             000030
102021974950001161584870000003760                             82110122156      000                        1421310806                              300806000000000750010407765000000000000125647101010906              0000000000000000000000000000000000000000000000007657000000000015700000000000001010906                         0000000000000000000000000                                             000031
102021974950001161584870000003760                             82110122164      000                        1421310806                              300806000000000750010407765000000000000125647101010906              0000000000000000000000000000000000000000000000007657000000000015700000000000001010906                         0000000000000000000000000                                             000032
102021974950001161584870000003760                             82110409129      000                        1421310806                              250806000000000750010408125000000000000125647101010906              0000000000000000000000000000000000000000000000007692000000000019200000000000001010906                         0000000000000000000000000                                             000033
102021974950001161584870000003760                             82110816140      000                        1421310806                              250706000000000750010407765000000000000125647101010906              0000000000000000000000000000000000000000000000007866000000000036600000000000001010906                         0000000000000000000000000                                             000034
9201104                                                                                                                                                                                                                                                                                                                                                                                                   000035
