02RETORNO01COBRANCA       1584870000003760    IPAD                          104C ECON FEDERAL 280406                                                                                                                                                                                                                                                                                                 00192000001
102021974950001161584870000003760                             82000040392      000                        1421280406                              000000000000000760007347476000000000000270663101020506              0000000000000000000000000000000000000000000000007600000000000000000000000000001020506                         0000000000000000000000000                                             000002
102021974950001161584870000003760                             82000040430      000                        1421280406                              000000000000000760010409156000000000000125620101020506              0000000000000000000000000000000000000000000000007600000000000000000000000000001020506                         0000000000000000000000000                                             000003
102021974950001161584870000003760                             82000040449      000                        1421280406                              000000000000000760010409156000000000000125620101020506              0000000000000000000000000000000000000000000000007600000000000000000000000000001020506                         0000000000000000000000000                                             000004
102021974950001161584870000003760                             82000040457      000                        1421280406                              000000000000000760000121336000000000000270663101020506              0000000000000000000000000000000000000000000000007600000000000000000000000000001020506                         0000000000000000000000000                                             000005
102021974950001161584870000003760                             82000040481      000                        1421280406                              000000000000000760007347476000000000000270663101020506              0000000000000000000000000000000000000000000000007600000000000000000000000000001020506                         0000000000000000000000000                                             000006
102021974950001161584870000003760                             82000040520      000                        1421280406                              000000000000000760007347476000000000000270663101020506              0000000000000000000000000000000000000000000000007600000000000000000000000000001020506                         0000000000000000000000000                                             000007
102021974950001161584870000003760                             82000040546      000                        1421280406                              000000000000000760000121336000000000000270663101020506              0000000000000000000000000000000000000000000000007600000000000000000000000000001020506                         0000000000000000000000000                                             000008
102021974950001161584870000003760                             82000040562      000                        1421280406                              000000000000000760000127026000000000000270663101020506              0000000000000000000000000000000000000000000000007600000000000000000000000000001020506                         0000000000000000000000000                                             000009
102021974950001161584870000003760                             82000040627      000                        1421280406                              000000000000000760000111126000000000000270663101020506              0000000000000000000000000000000000000000000000007600000000000000000000000000001020506                         0000000000000000000000000                                             000010
102021974950001161584870000003760                             82000040635      000                        1421280406                              000000000000000760000127026000000000000270663101020506              0000000000000000000000000000000000000000000000007600000000000000000000000000001020506                         0000000000000000000000000                                             000011
102021974950001161584870000003760                             82000040651      000                        1421280406                              000000000000000760000127026000000000000270663101020506              0000000000000000000000000000000000000000000000007600000000000000000000000000001020506                         0000000000000000000000000                                             000012
102021974950001161584870000003760                             82000040660      000                        1421280406                              000000000000000760000127026000000000000270663101020506              0000000000000000000000000000000000000000000000007600000000000000000000000000001020506                         0000000000000000000000000                                             000013
102021974950001161584870000003760                             82000040678      000                        1421280406                              000000000000000760000127026000000000000270663101020506              0000000000000000000000000000000000000000000000007600000000000000000000000000001020506                         0000000000000000000000000                                             000014
102021974950001161584870000003760                             82000040716      000                        1421280406                              000000000000000760010409148000000000000125620101020506              0000000000000000000000000000000000000000000000007600000000000000000000000000001020506                         0000000000000000000000000                                             000015
102021974950001161584870000003760                             82000040724      000                        1421280406                              000000000000000760010409148000000000000125620101020506              0000000000000000000000000000000000000000000000007600000000000000000000000000001020506                         0000000000000000000000000                                             000016
102021974950001161584870000003760                             82000040740      000                        1421280406                              000000000000000760000127026000000000000270663101020506              0000000000000000000000000000000000000000000000007600000000000000000000000000001020506                         0000000000000000000000000                                             000017
102021974950001161584870000003760                             82000040759      000                        1421280406                              000000000000000760000127026000000000000270663101020506              0000000000000000000000000000000000000000000000007600000000000000000000000000001020506                         0000000000000000000000000                                             000018
102021974950001161584870000003760                             82000040961      000                        1421280406                              000000000000000760007347476000000000000270663101020506              0000000000000000000000000000000000000000000000007600000000000000000000000000001020506                         0000000000000000000000000                                             000019
102021974950001161584870000003760                             82000040988      000                        1421280406                              000000000000000760007347476000000000000270663101020506              0000000000000000000000000000000000000000000000007600000000000000000000000000001020506                         0000000000000000000000000                                             000020
102021974950001161584870000003760                             82000042310      000                        1421280406                              000000000000000675010409148000000000000125647101020506              0000000000000000000000000000000000000000000000006750000000000000000000000000001020506                         0000000000000000000000000                                             000021
102021974950001161584870000003760                             82010223171      000                        1421280406                              100506000000000420010414338000000000000125647101020506              0000000000000000000000000000000000000000000000004200000000000000000000000000001020506                         0000000000000000000000000                                             000022
102021974950001161584870000003760                             82010227177      000                        1421280406                              100506000000000420000117546000000000000270663101020506              0000000000000000000000000000000000000000000000004200000000000000000000000000001020506                         0000000000000000000000000                                             000023
102021974950001161584870000003760                             82030133178      000                        1421280406                              100506000000000750010424465000000000000240655100280406              0000000000000000000000000000000000000000000000007500000000000000000000000000001280406                         0000000000000000000000000                                             000024
102021974950001161584870000003760                             82030304126      000                        1421280406                              300406000000000860006500016000000000000270663101020506              0000000000000000000000000000000000000000000000008600000000000000000000000000001020506                         0000000000000000000000000                                             000025
102021974950001161584870000003760                             82030305122      000                        1421280406                              300406000000000860006500016000000000000270663101020506              0000000000000000000000000000000000000000000000008600000000000000000000000000001020506                         0000000000000000000000000                                             000026
102021974950001161584870000003760                             82030425110      000                        1421280406                              100406000000000760010407757000000000000125647101020506              0000000000000000000000000000000000000000000000007828000000000022800000000000001020506                         0000000000000000000000000                                             000027
102021974950001161584870000003760                             82040329172      000                        1421280406                              100406000000000360010400523000000000000125647101020506              0000000000000000000000000000000000000000000000003708000000000010800000000000001020506                         0000000000000000000000000                                             000028
102021974950001161584870000003760                             82040337159      000                        1421280406                              280406000000018000000117326000000000000270663101020506              0000000000000000000000000000000000000000000000180000000000000000000000000000001020506                         0000000000000000000000000                                             000029
102021974950001161584870000003760                             82040519150      000                        1421280406                              100206000000000860010400523000000000000240655100280406              0000000000000000000000000000000000000000000000009542000000000094200000000000001280406                         0000000000000000000000000                                             000030
102021974950001161584870000003760                             82040635141      000                        1421280406                              300406000000000860010421709000000000000125647101020506              0000000000000000000000000000000000000000000000008600000000000000000000000000001020506                         0000000000000000000000000                                             000031
102021974950001161584870000003760                             82050118166      000                        1421280406                              100306000000000400010400531000000000000125647101020506              0000000000000000000000000000000000000000000000004276000000000027600000000000001020506                         0000000000000000000000000                                             000032
102021974950001161584870000003760                             82050122171      000                        1421280406                              100406000000000400010400531000000000000125647101020506              0000000000000000000000000000000000000000000000004152000000000015200000000000001020506                         0000000000000000000000000                                             000033
102021974950001161584870000003760                             82050131170      000                        1421280406                              100406000000000400010400531000000000000125647101020506              0000000000000000000000000000000000000000000000004152000000000015200000000000001020506                         0000000000000000000000000                                             000034
102021974950001161584870000003760                             82060208176      000                        1421280406                              000000000000000860039928996000000000000270663101020506              0000000000000000000000000000000000000000000000008600000000000000000000000000001020506                         0000000000000000000000000                                             000035
102021974950001161584870000003760                             82060216179      000                        1421280406                              100506000000000860006500016000000000000270663101020506              0000000000000000000000000000000000000000000000008600000000000000000000000000001020506                         0000000000000000000000000                                             000036
102021974950001161584870000003760                             82060237168      000                        1421280406                              100406000000000860010421911000000000000125647101020506              0000000000000000000000000000000000000000000000008916000000000031600000000000001020506                         0000000000000000000000000                                             000037
102021974950001161584870000003760                             82060312160      000                        1421280406                              150406000000000860010408761000000000000125647101020506              0000000000000000000000000000000000000000000000008884000000000028400000000000001020506                         0000000000000000000000000                                             000038
102021974950001161584870000003760                             82060323170      000                        1421280406                              150506000000000860010408761000000000000125647101020506              0000000000000000000000000000000000000000000000008600000000000000000000000000001020506                         0000000000000000000000000                                             000039
102021974950001161584870000003760                             82070228170      000                        1421280406                              100406000000000860010400450000000000000125647101020506              0000000000000000000000000000000000000000000000008916000000000031600000000000001020506                         0000000000000000000000000                                             000040
102021974950001161584870000003760                             82070310160      000                        1421280406                              150306000000000860010410308000000000000125647101020506              0000000000000000000000000000000000000000000000009084000000000048400000000000001020506                         0000000000000000000000000                                             000041
102021974950001161584870000003760                             82070313177      000                        1421280406                              150406000000000860010400450000000000000125647101020506              0000000000000000000000000000000000000000000000008876000000000027600000000000001020506                         0000000000000000000000000                                             000042
102021974950001161584870000003760                             82070315161      000                        1421280406                              150306000000000860010409440000000000000125647101020506              0000000000000000000000000000000000000000000000009124000000000052400000000000001020506                         0000000000000000000000000                                             000043
102021974950001161584870000003760                             82070315170      000                        1421280406                              150406000000000860010409440000000000000125647101020506              0000000000000000000000000000000000000000000000008876000000000027600000000000001020506                         0000000000000000000000000                                             000044
102021974950001161584870000003760                             82070413171      000                        1421280406                              150406000000000860010400450000000000000125647101020506              0000000000000000000000000000000000000000000000008876000000000027600000000000001020506                         0000000000000000000000000                                             000045
102021974950001161584870000003760                             82070423169      000                        1421280406                              150306000000000860010430171000000000000125647101020506              0000000000000000000000000000000000000000000000009150000000000055000000000000001020506                         0000000000000000000000000                                             000046
102021974950001161584870000003760                             82070518160      000                        1421280406                              150306000000000860010410308000000000000125647101020506              0000000000000000000000000000000000000000000000008816000000000021600000000000001020506                         0000000000000000000000000                                             000047
102021974950001161584870000003760                             82070528173      000                        1421280406                              150406000000000860010400485000000000000125647101020506              0000000000000000000000000000000000000000000000008876000000000027600000000000001020506                         0000000000000000000000000                                             000048
102021974950001161584870000003760                             82090118175      000                        1421280406                              100406000000000750010400540000000000000125647101020506              0000000000000000000000000000000000000000000000007657000000000015700000000000001020506                         0000000000000000000000000                                             000049
102021974950001161584870000003760                             82090401179      000                        1421280406                              100406000000000750010415806000000000000125647101020506              0000000000000000000000000000000000000000000000007794000000000029400000000000001020506                         0000000000000000000000000                                             000050
102021974950001161584870000003760                             82090604150      000                        1421280406                              100506000000000375010408770000000000000125647101020506              0000000000000000000000000000000000000000000000003750000000000000000000000000001020506                         0000000000000000000000000                                             000051
102021974950001161584870000003760                             82110322163      000                        1421280406                              100406000000000860010407765000000000000125647101020506              0000000000000000000000000000000000000000000000009096000000000049600000000000001020506                         0000000000000000000000000                                             000052
102021974950001161584870000003760                             82110408122      000                        1421280406                              201205000000000750010408125000000000000125647101020506              0000000000000000000000000000000000000000000000008553000000000105300000000000001020506                         0000000000000000000000000                                             000053
102021974950001161584870000003760                             82110412120      000                        1421280406                              201205000000000750010408125000000000000125647101020506              0000000000000000000000000000000000000000000000008553000000000105300000000000001020506                         0000000000000000000000000                                             000054
102021974950001161584870000003760                             82120109160      000                        1421280406                              100306000000000650010400450000000000000240655100280406              0000000000000000000000000000000000000000000000006924000000000042400000000000001280406                         0000000000000000000000000                                             000055
102021974950001161584870000003760                             82120112170      000                        1421280406                              100406000000000650010421245000000000000125647101020506              0000000000000000000000000000000000000000000000006738000000000023800000000000001020506                         0000000000000000000000000                                             000056
102021974950001161584870000003760                             82120133150      000                        1421280406                              100206000000000650010421245000000000000125647101020506              0000000000000000000000000000000000000000000000007130000000000063000000000000001020506                         0000000000000000000000000                                             000057
102021974950001161584870000003760                             82120133169      000                        1421280406                              100306000000000650010421245000000000000125647101020506              0000000000000000000000000000000000000000000000006948000000000044800000000000001020506                         0000000000000000000000000                                             000058
9201104                                                                                                                                                                                                                                                                                                                                                                                                   000059
