02RETORNO01COBRANCA       1584870000003760    IPAD                          104C ECON FEDERAL 010805                                                                                                                                                                                                                                                                                                 00016000001
102021974950001161584870000003760                             82999373840      000                        1421010805                              100805000000000860006500016000000000000270663101020805              0000000000000000000000000000000000000000000000008600000000000000000000000000001020805                         0000000000000000000000000                                             000002
102021974950001161584870000003760                             82999373867      000                        1421010805                              100805000000000860006500016000000000000270663101020805              0000000000000000000000000000000000000000000000008600000000000000000000000000001020805                         0000000000000000000000000                                             000003
102021974950001161584870000003760                             82999373883      000                        1421010805                              100805000000000860006500016000000000000270663101020805              0000000000000000000000000000000000000000000000008600000000000000000000000000001020805                         0000000000000000000000000                                             000004
102021974950001161584870000003760                             82999373905      000                        1421010805                              100805000000000860010408770000000000000125647101020805              0000000000000000000000000000000000000000000000008600000000000000000000000000001020805                         0000000000000000000000000                                             000005
102021974950001161584870000003760                             82999373921      000                        1421010805                              100805000000000860006500016000000000000270663101020805              0000000000000000000000000000000000000000000000008600000000000000000000000000001020805                         0000000000000000000000000                                             000006
102021974950001161584870000003760                             82999373948      000                        1421010805                              100805000000000860006500016000000000000270663101020805              0000000000000000000000000000000000000000000000008600000000000000000000000000001020805                         0000000000000000000000000                                             000007
102021974950001161584870000003760                             82999373964      000                        1421010805                              100805000000000860006500016000000000000270663101020805              0000000000000000000000000000000000000000000000008600000000000000000000000000001020805                         0000000000000000000000000                                             000008
102021974950001161584870000003760                             82999373980      000                        1421010805                              100805000000000860006500016000000000000270663101020805              0000000000000000000000000000000000000000000000008600000000000000000000000000001020805                         0000000000000000000000000                                             000009
102021974950001161584870000003760                             82999374006      000                        1421010805                              100805000000000860010408770000000000000125647101020805              0000000000000000000000000000000000000000000000008600000000000000000000000000001020805                         0000000000000000000000000                                             000010
102021974950001161584870000003760                             82999374120      000                        1421010805                              100805000000000860074500016000000000000270663101020805              0000000000000000000000000000000000000000000000008600000000000000000000000000001020805                         0000000000000000000000000                                             000011
102021974950001161584870000003760                             82999374146      000                        1421010805                              100805000000000860006500016000000000000270663101020805              0000000000000000000000000000000000000000000000008600000000000000000000000000001020805                         0000000000000000000000000                                             000012
102021974950001161584870000003760                             82999374162      000                        1421010805                              100805000000000860006500016000000000000270663101020805              0000000000000000000000000000000000000000000000008600000000000000000000000000001020805                         0000000000000000000000000                                             000013
102021974950001161584870000003760                             82999374308      000                        1421010805                              100805000000000860006500016000000000000270663101020805              0000000000000000000000000000000000000000000000008600000000000000000000000000001020805                         0000000000000000000000000                                             000014
102021974950001161584870000003760                             82999374324      000                        1421010805                              100805000000000860006500016000000000000270663101020805              0000000000000000000000000000000000000000000000008600000000000000000000000000001020805                         0000000000000000000000000                                             000015
102021974950001161584870000003760                             82999374340      000                        1421010805                              100805000000000860006500016000000000000270663101020805              0000000000000000000000000000000000000000000000008600000000000000000000000000001020805                         0000000000000000000000000                                             000016
102021974950001161584870000003760                             82999374367      000                        1421010805                              100805000000000860010400540000000000000125647101020805              0000000000000000000000000000000000000000000000008600000000000000000000000000001020805                         0000000000000000000000000                                             000017
102021974950001161584870000003760                             82999374375      000                        1421010805                              100805000000000860010400540000000000000125647101020805              0000000000000000000000000000000000000000000000008600000000000000000000000000001020805                         0000000000000000000000000                                             000018
102021974950001161584870000003760                             82999374383      000                        1421010805                              100805000000000860010400540000000000000125647101020805              0000000000000000000000000000000000000000000000008600000000000000000000000000001020805                         0000000000000000000000000                                             000019
102021974950001161584870000003760                             82999374405      000                        1421010805                              100805000000000860010400540000000000000125647101020805              0000000000000000000000000000000000000000000000008600000000000000000000000000001020805                         0000000000000000000000000                                             000020
102021974950001161584870000003760                             82999374421      000                        1421010805                              100805000000000860010400540000000000000125647101020805              0000000000000000000000000000000000000000000000008600000000000000000000000000001020805                         0000000000000000000000000                                             000021
102021974950001161584870000003760                             82999374448      000                        1421010805                              100805000000000860010400540000000000000125647101020805              0000000000000000000000000000000000000000000000008600000000000000000000000000001020805                         0000000000000000000000000                                             000022
102021974950001161584870000003760                             82999374480      000                        1421010805                              100805000000000860010400540000000000000125647101020805              0000000000000000000000000000000000000000000000008600000000000000000000000000001020805                         0000000000000000000000000                                             000023
102021974950001161584870000003760                             82999374502      000                        1421010805                              100805000000000860010400540000000000000125647101020805              0000000000000000000000000000000000000000000000008600000000000000000000000000001020805                         0000000000000000000000000                                             000024
102021974950001161584870000003760                             82999374510      000                        1421010805                              100805000000000860010414338000000000000125647101020805              0000000000000000000000000000000000000000000000008600000000000000000000000000001020805                         0000000000000000000000000                                             000025
102021974950001161584870000003760                             82999374529      000                        1421010805                              100805000000000860010400540000000000000125647101020805              0000000000000000000000000000000000000000000000008600000000000000000000000000001020805                         0000000000000000000000000                                             000026
102021974950001161584870000003760                             82999374910      000                        1421010805                              100805000000000860010400540000000000000125647101020805              0000000000000000000000000000000000000000000000008600000000000000000000000000001020805                         0000000000000000000000000                                             000027
102021974950001161584870000003760                             82999374936      000                        1421010805                              100805000000000860010400540000000000000125647101020805              0000000000000000000000000000000000000000000000008600000000000000000000000000001020805                         0000000000000000000000000                                             000028
102021974950001161584870000003760                             82999379229      000                        1421010805                              100805000000000860010430171000000000000125647101020805              0000000000000000000000000000000000000000000000008600000000000000000000000000001020805                         0000000000000000000000000                                             000029
102021974950001161584870000003760                             82999380642      000                        1421010805                              100805000000000860010409148000000000000125647101020805              0000000000000000000000000000000000000000000000008600000000000000000000000000001020805                         0000000000000000000000000                                             000030
102021974950001161584870000003760                             82999382645      000                        1421010805                              100805000000000860010409148000000000000125647101020805              0000000000000000000000000000000000000000000000008600000000000000000000000000001020805                         0000000000000000000000000                                             000031
102021974950001161584870000003760                             82999382661      000                        1421010805                              100805000000000860010409148000000000000125647101020805              0000000000000000000000000000000000000000000000008600000000000000000000000000001020805                         0000000000000000000000000                                             000032
9201104                                                                                                                                                                                                                                                                                                                                                                                                   000033
