02RETORNO01COBRANCA       1584870000003760    IPAD                          104C ECON FEDERAL 010306                                                                                                                                                                                                                                                                                                 00152000001
102021974950001161584870000003760                             82000032853      000                        1421010306                              050306000000000860010430171000000000000125647101020306              0000000000000000000000000000000000000000000000008600000000000000000000000000001020306                         0000000000000000000000000                                             000002
102021974950001161584870000003760                             82000033663      000                        1421010306                              050306000000000860010406483000000000000125647101020306              0000000000000000000000000000000000000000000000008600000000000000000000000000001020306                         0000000000000000000000000                                             000003
102021974950001161584870000003760                             82010101157      000                        1421010306                              100306000000000375010414338000000000000125647101020306              0000000000000000000000000000000000000000000000003750000000000000000000000000001020306                         0000000000000000000000000                                             000004
102021974950001161584870000003760                             82010136155      000                        1421010306                              100306000000000375010414338000000000000125647101020306              0000000000000000000000000000000000000000000000003750000000000000000000000000001020306                         0000000000000000000000000                                             000005
102021974950001161584870000003760                             82050106168      000                        1421010306                              100306000000000400006500016000000000000270663101020306              0000000000000000000000000000000000000000000000004000000000000000000000000000001020306                         0000000000000000000000000                                             000006
102021974950001161584870000003760                             82050305152      000                        1421010306                              100206000000000860010427782000000000000125647101020306              0000000000000000000000000000000000000000000000008901000000000030100000000000001020306                         0000000000000000000000000                                             000007
102021974950001161584870000003760                             82050320151      000                        1421010306                              100206000000000860010427782000000000000125647101020306              0000000000000000000000000000000000000000000000008935000000000033500000000000001020306                         0000000000000000000000000                                             000008
102021974950001161584870000003760                             82060108171      000                        1421010306                              150306000000000860010430171000000000000125647101020306              0000000000000000000000000000000000000000000000008600000000000000000000000000001020306                         0000000000000000000000000                                             000009
102021974950001161584870000003760                             82060145158      000                        1421010306                              150106000000000860010430171000000000000125647101020306              0000000000000000000000000000000000000000000000009159000000000055900000000000001020306                         0000000000000000000000000                                             000010
102021974950001161584870000003760                             82060230147      000                        1421010306                              100206000000000860010421911000000000000125647101020306              0000000000000000000000000000000000000000000000008901000000000030100000000000001020306                         0000000000000000000000000                                             000011
102021974950001161584870000003760                             82070310151      000                        1421010306                              150206000000000860010410308000000000000125647101020306              0000000000000000000000000000000000000000000000008892000000000029200000000000001020306                         0000000000000000000000000                                             000012
102021974950001161584870000003760                             82070405160      000                        1421010306                              150306000000000860010400485000000000000125647101020306              0000000000000000000000000000000000000000000000008600000000000000000000000000001020306                         0000000000000000000000000                                             000013
102021974950001161584870000003760                             82070411152      000                        1421010306                              150206000000000860010400469000000000000125647101020306              0000000000000000000000000000000000000000000000008892000000000029200000000000001020306                         0000000000000000000000000                                             000014
102021974950001161584870000003760                             82070427164      000                        1421010306                              150306000000000860006500016000000000000270663101020306              0000000000000000000000000000000000000000000000008600000000000000000000000000001020306                         0000000000000000000000000                                             000015
102021974950001161584870000003760                             82070428160      000                        1421010306                              150306000000000860006500016000000000000270663101020306              0000000000000000000000000000000000000000000000008600000000000000000000000000001020306                         0000000000000000000000000                                             000016
102021974950001161584870000003760                             82090302162      000                        1421010306                              100306000000000750010407749000000000000125647101020306              0000000000000000000000000000000000000000000000007500000000000000000000000000001020306                         0000000000000000000000000                                             000017
102021974950001161584870000003760                             82090317151      000                        1421010306                              100206000000000750010407749000000000000125647101020306              0000000000000000000000000000000000000000000000007661000000000016100000000000001020306                         0000000000000000000000000                                             000018
102021974950001161584870000003760                             82090604169      000                        1421010306                              100306000000000375010408770000000000000125647101020306              0000000000000000000000000000000000000000000000003750000000000000000000000000001020306                         0000000000000000000000000                                             000019
102021974950001161584870000003760                             82090918163      000                        1421010306                              100306000000000750010408770000000000000125647101020306              0000000000000000000000000000000000000000000000007500000000000000000000000000001020306                         0000000000000000000000000                                             000020
102021974950001161584870000003760                             82091020160      000                        1421010306                              100306000000000375010408770000000000000125647101020306              0000000000000000000000000000000000000000000000003750000000000000000000000000001020306                         0000000000000000000000000                                             000021
102021974950001161584870000003760                             82091039147      000                        1421010306                              100106000000000375010408770000000000000125647101020306              0000000000000000000000000000000000000000000000004000000000000025000000000000001020306                         0000000000000000000000000                                             000022
102021974950001161584870000003760                             82091039155      000                        1421010306                              100206000000000375010408770000000000000125647101020306              0000000000000000000000000000000000000000000000003975000000000022500000000000001020306                         0000000000000000000000000                                             000023
102021974950001161584870000003760                             82120111157      000                        1421010306                              100206000000000650010421245000000000000240655100010306              0000000000000000000000000000000000000000000000006744000000000024400000000000001010306                         0000000000000000000000000                                             000024
102021974950001161584870000003760                             82120134157      000                        1421010306                              100206000000000650010421245000000000000125647101020306              0000000000000000000000000000000000000000000000006630000000000013000000000000001020306                         0000000000000000000000000                                             000025
102021974950001161584870000003760                             82130303172      000                        1421010306                              100306000000000860000109816000000000000270663101020306              0000000000000000000000000000000000000000000000008600000000000000000000000000001020306                         0000000000000000000000000                                             000026
9201104                                                                                                                                                                                                                                                                                                                                                                                                   000027
