02RETORNO01COBRANCA       1584870000003760    IPAD                          104C ECON FEDERAL 011206                                                                                                                                                                                                                                                                                                 00341000001
102021974950001161584870000003760                             82000050118      000                        1421011206                              000000000000000760010421245000000000000125647101041206              0000000000000000000000000000000000000000000000007600000000000000000000000000001041206                         0000000000000000000000000                                             000002
102021974950001161584870000003760                             82000050185      000                        1421011206                              000000000000000760010421245000000000000125647101041206              0000000000000000000000000000000000000000000000007600000000000000000000000000001041206                         0000000000000000000000000                                             000003
102021974950001161584870000003760                             82030206159      000                        1421011206                              101006000000000760010409156000000000000125647101041206              0000000000000000000000000000000000000000000000008168000000000056800000000000001041206                         0000000000000000000000000                                             000004
102021974950001161584870000003760                             82030547169      000                        1421011206                              151206000000000760010409148000000000000125620101041206              0000000000000000000000000000000000000000000000007600000000000000000000000000001041206                         0000000000000000000000000                                             000005
102021974950001161584870000003760                             82030556150      000                        1421011206                              151106000000000760010409148000000000000125647101041206              0000000000000000000000000000000000000000000000007873000000000027300000000000001041206                         0000000000000000000000000                                             000006
102021974950001161584870000003760                             82030902163      000                        1421011206                              101206000000000760010407757000000000000125647101041206              0000000000000000000000000000000000000000000000007600000000000000000000000000001041206                         0000000000000000000000000                                             000007
102021974950001161584870000003760                             82030905170      000                        1421011206                              100107000000000760010407757000000000000125647101041206              0000000000000000000000000000000000000000000000007600000000000000000000000000001041206                         0000000000000000000000000                                             000008
102021974950001161584870000003760                             82030926151      000                        1421011206                              101106000000000760010407757000000000000125647101041206              0000000000000000000000000000000000000000000000007912000000000031200000000000001041206                         0000000000000000000000000                                             000009
102021974950001161584870000003760                             82031112123      000                        1421011206                              101206000000000760007347476000000000000270663101041206              0000000000000000000000000000000000000000000000007600000000000000000000000000001041206                         0000000000000000000000000                                             000010
102021974950001161584870000003760                             82060504158      000                        1421011206                              101106000000000760010409172000000000000125647101041206              0000000000000000000000000000000000000000000000007899000000000029900000000000001041206                         0000000000000000000000000                                             000011
102021974950001161584870000003760                             82060517144      000                        1421011206                              101006000000000760010400485000000000000125647101041206              0000000000000000000000000000000000000000000000008116000000000051600000000000001041206                         0000000000000000000000000                                             000012
102021974950001161584870000003760                             82060517152      000                        1421011206                              101106000000000760010400485000000000000125647101041206              0000000000000000000000000000000000000000000000007899000000000029900000000000001041206                         0000000000000000000000000                                             000013
102021974950001161584870000003760                             82060901157      000                        1421011206                              101106000000000760010409172000000000000125647101041206              0000000000000000000000000000000000000000000000007899000000000029900000000000001041206                         0000000000000000000000000                                             000014
102021974950001161584870000003760                             82060929140      000                        1421011206                              101106000000000760010415849000000000000125647101041206              0000000000000000000000000000000000000000000000007911000000000031100000000000001041206                         0000000000000000000000000                                             000015
102021974950001161584870000003760                             82070624156      000                        1421011206                              210906000000000760010405592000000000000125647101041206              0000000000000000000000000000000000000000000000008292000000000069200000000000001041206                         0000000000000000000000000                                             000016
102021974950001161584870000003760                             82071216167      000                        1421011206                              101206000000000760006500016000000000000270663101041206              0000000000000000000000000000000000000000000000007600000000000000000000000000001041206                         0000000000000000000000000                                             000017
102021974950001161584870000003760                             82071218151      000                        1421011206                              101106000000000760010400485000000000000125647101041206              0000000000000000000000000000000000000000000000007911000000000031100000000000001041206                         0000000000000000000000000                                             000018
102021974950001161584870000003760                             82130415132      000                        1421011206                              101206000000000760006500016000000000000270663101041206              0000000000000000000000000000000000000000000000007600000000000000000000000000001041206                         0000000000000000000000000                                             000019
9201104                                                                                                                                                                                                                                                                                                                                                                                                   000020
