02RETORNO01COBRANCA       1584870000003760    IPAD                          104C ECON FEDERAL 011205                                                                                                                                                                                                                                                                                                 00091000001
102021974950001161584870000003760                             82040215134      000                        1421011205                              101205000000000430010400523000000000000125647101021205              0000000000000000000000000000000000000000000000004300000000000000000000000000001021205                         0000000000000000000000000                                             000002
102021974950001161584870000003760                             82040230133      000                        1421011205                              101205000000000430010400523000000000000125647101021205              0000000000000000000000000000000000000000000000004300000000000000000000000000001021205                         0000000000000000000000000                                             000003
102021974950001161584870000003760                             82040410131      000                        1421011205                              101205000000000860010400523000000000000125620101021205              0000000000000000000000000000000000000000000000008600000000000000000000000000001021205                         0000000000000000000000000                                             000004
102021974950001161584870000003760                             82040606133      000                        1421011205                              101205000000000860006500016000000000000270663101021205              0000000000000000000000000000000000000000000000008600000000000000000000000000001021205                         0000000000000000000000000                                             000005
102021974950001161584870000003760                             82040623135      000                        1421011205                              101205000000000860075641796000000000000270663101021205              0000000000000000000000000000000000000000000000008600000000000000000000000000001021205                         0000000000000000000000000                                             000006
102021974950001161584870000003760                             82050324130      000                        1421011205                              101205000000000860010427782000000000000125647101021205              0000000000000000000000000000000000000000000000008600000000000000000000000000001021205                         0000000000000000000000000                                             000007
102021974950001161584870000003760                             82060102157      000                        1421011205                              150106000000000860010406483000000000000125647101021205              0000000000000000000000000000000000000000000000008600000000000000000000000000001021205                         0000000000000000000000000                                             000008
102021974950001161584870000003760                             82060134148      000                        1421011205                              151205000000000860010415806000000000000125647101021205              0000000000000000000000000000000000000000000000008600000000000000000000000000001021205                         0000000000000000000000000                                             000009
102021974950001161584870000003760                             82060149145      000                        1421011205                              151205000000000860006500016000000000000270663101021205              0000000000000000000000000000000000000000000000008600000000000000000000000000001021205                         0000000000000000000000000                                             000010
102021974950001161584870000003760                             82070427130      000                        1421011205                              000000000000000860040975226000000000000270663101021205              0000000000000000000000000000000000000000000000008600000000000000000000000000001021205                         0000000000000000000000000                                             000011
102021974950001161584870000003760                             82070428136      000                        1421011205                              000000000000000860040975226000000000000270663101021205              0000000000000000000000000000000000000000000000008600000000000000000000000000001021205                         0000000000000000000000000                                             000012
102021974950001161584870000003760                             82070514121      000                        1421011205                              151105000000000860010406483000000000000240655100011205              0000000000000000000000000000000000000000000000008910000000000031000000000000001011205                         0000000000000000000000000                                             000013
102021974950001161584870000003760                             82090225125      000                        1421011205                              251105000000000640010400540000000000000125647101021205              0000000000000000000000000000000000000000000000006566000000000016600000000000001021205                         0000000000000000000000000                                             000014
102021974950001161584870000003760                             82090508127      000                        1421011205                              101105000000000375010408770000000000000240655100011205              0000000000000000000000000000000000000000000000003906000000000015600000000000001011205                         0000000000000000000000000                                             000015
102021974950001161584870000003760                             82090923132      000                        1421011205                              101205000000000750010408770000000000000125647101021205              0000000000000000000000000000000000000000000000007500000000000000000000000000001021205                         0000000000000000000000000                                             000016
102021974950001161584870000003760                             82091030131      000                        1421011205                              101205000000000375010408770000000000000125647101021205              0000000000000000000000000000000000000000000000003750000000000000000000000000001021205                         0000000000000000000000000                                             000017
102021974950001161584870000003760                             82091221131      000                        1421011205                              101205000000000750010400540000000000000125647101021205              0000000000000000000000000000000000000000000000007500000000000000000000000000001021205                         0000000000000000000000000                                             000018
102021974950001161584870000003760                             82120102123      000                        1421011205                              101105000000000550010421245000000000000125647101021205              0000000000000000000000000000000000000000000000005715000000000021500000000000001021205                         0000000000000000000000000                                             000019
102021974950001161584870000003760                             82120103138      000                        1421011205                              101205000000000650010421245000000000000240655100011205              0000000000000000000000000000000000000000000000006500000000000000000000000000001011205                         0000000000000000000000000                                             000020
102021974950001161584870000003760                             82120132138      000                        1421011205                              101205000000000650075641796000000000000270663101021205              0000000000000000000000000000000000000000000000006500000000000000000000000000001021205                         0000000000000000000000000                                             000021
9201104                                                                                                                                                                                                                                                                                                                                                                                                   000022
