02RETORNO01COBRANCA       1584870000003760    IPAD                          104C ECON FEDERAL 240206                                                                                                                                                                                                                                                                                                 00151000001
102021974950001161584870000003760                             82000032837      000                        1421240206                              000000000000000860039928996000000000000270663101010306              0000000000000000000000000000000000000000000000008600000000000000000000000000001010306                         0000000000000000000000000                                             000002
102021974950001161584870000003760                             82000033574      000                        1421240206                              050306000000000750010412424000000000000125647101010306              0000000000000000000000000000000000000000000000007500000000000000000000000000001010306                         0000000000000000000000000                                             000003
102021974950001161584870000003760                             82010209152      000                        1421240206                              100306000000000420007347476000000000000270663101010306              0000000000000000000000000000000000000000000000004200000000000000000000000000001010306                         0000000000000000000000000                                             000004
102021974950001161584870000003760                             82010221152      000                        1421240206                              100306000000000420000117546000000000000270663101010306              0000000000000000000000000000000000000000000000004200000000000000000000000000001010306                         0000000000000000000000000                                             000005
102021974950001161584870000003760                             82030125159      000                        1421240206                              100306000000000750010424465000000000000125647101010306              0000000000000000000000000000000000000000000000007500000000000000000000000000001010306                         0000000000000000000000000                                             000006
102021974950001161584870000003760                             82050113156      000                        1421240206                              100206000000000400010400531000000000000125647101010306              0000000000000000000000000000000000000000000000004136000000000013600000000000001010306                         0000000000000000000000000                                             000007
102021974950001161584870000003760                             82050138167      000                        1421240206                              180306000000000400010412955000000000000125647101010306              0000000000000000000000000000000000000000000000004000000000000000000000000000001010306                         0000000000000000000000000                                             000008
102021974950001161584870000003760                             82050214165      000                        1421240206                              100306000000000400006500016000000000000270663101010306              0000000000000000000000000000000000000000000000004000000000000000000000000000001010306                         0000000000000000000000000                                             000009
102021974950001161584870000003760                             82050232155      000                        1421240206                              100206000000000400010400531000000000000125647101010306              0000000000000000000000000000000000000000000000004136000000000013600000000000001010306                         0000000000000000000000000                                             000010
102021974950001161584870000003760                             82050234174      000                        1421240206                              100406000000000400006500016000000000000270663101010306              0000000000000000000000000000000000000000000000004000000000000000000000000000001010306                         0000000000000000000000000                                             000011
102021974950001161584870000003760                             82050315158      000                        1421240206                              100206000000000860010427782000000000000125647101010306              0000000000000000000000000000000000000000000000008892000000000029200000000000001010306                         0000000000000000000000000                                             000012
102021974950001161584870000003760                             82050330157      000                        1421240206                              100206000000000860010410383000000000000125647101010306              0000000000000000000000000000000000000000000000008884000000000028400000000000001010306                         0000000000000000000000000                                             000013
102021974950001161584870000003760                             82050336155      000                        1421240206                              100206000000000860010410383000000000000125647101010306              0000000000000000000000000000000000000000000000008884000000000028400000000000001010306                         0000000000000000000000000                                             000014
102021974950001161584870000003760                             82060106179      000                        1421240206                              150306000000000860023719046000000000000270663101010306              0000000000000000000000000000000000000000000000008600000000000000000000000000001010306                         0000000000000000000000000                                             000015
102021974950001161584870000003760                             82060109178      000                        1421240206                              150306000000000860010408761000000000000125647101010306              0000000000000000000000000000000000000000000000008600000000000000000000000000001010306                         0000000000000000000000000                                             000016
102021974950001161584870000003760                             82060141160      000                        1421240206                              150206000000000860010430171000000000000240655100240206              0000000000000000000000000000000000000000000000008849000000000024900000000000001240206                         0000000000000000000000000                                             000017
102021974950001161584870000003760                             82060206149      000                        1421240206                              100206000000000860010421911000000000000125647101010306              0000000000000000000000000000000000000000000000008892000000000029200000000000001010306                         0000000000000000000000000                                             000018
102021974950001161584870000003760                             82060234142      000                        1421240206                              100206000000000860010421911000000000000125647101010306              0000000000000000000000000000000000000000000000008884000000000028400000000000001010306                         0000000000000000000000000                                             000019
102021974950001161584870000003760                             82060237141      000                        1421240206                              100206000000000860010421911000000000000125647101010306              0000000000000000000000000000000000000000000000008884000000000028400000000000001010306                         0000000000000000000000000                                             000020
102021974950001161584870000003760                             82060238130      000                        1421240206                              100106000000000860010421911000000000000125647101010306              0000000000000000000000000000000000000000000000009132000000000053200000000000001010306                         0000000000000000000000000                                             000021
102021974950001161584870000003760                             82070220152      000                        1421240206                              100206000000000860010409440000000000000125647101010306              0000000000000000000000000000000000000000000000008893000000000029300000000000001010306                         0000000000000000000000000                                             000022
102021974950001161584870000003760                             82090219150      000                        1421240206                              100206000000000750010400540000000000000125647101010306              0000000000000000000000000000000000000000000000007755000000000025500000000000001010306                         0000000000000000000000000                                             000023
102021974950001161584870000003760                             82090320136      000                        1421240206                              101205000000000750010407749000000000000125647101010306              0000000000000000000000000000000000000000000000007708000000000020800000000000001010306                         0000000000000000000000000                                             000024
102021974950001161584870000003760                             82090329150      000                        1421240206                              100206000000000750010407749000000000000125647101010306              0000000000000000000000000000000000000000000000007660000000000016000000000000001010306                         0000000000000000000000000                                             000025
102021974950001161584870000003760                             82090333165      000                        1421240206                              100306000000000750007347476000000000000270663101010306              0000000000000000000000000000000000000000000000007500000000000000000000000000001010306                         0000000000000000000000000                                             000026
102021974950001161584870000003760                             82090335168      000                        1421240206                              100306000000000750010400540000000000000125647101010306              0000000000000000000000000000000000000000000000007500000000000000000000000000001010306                         0000000000000000000000000                                             000027
102021974950001161584870000003760                             82091125159      000                        1421240206                              100206000000000750010408770000000000000125647101010306              0000000000000000000000000000000000000000000000007755000000000025500000000000001010306                         0000000000000000000000000                                             000028
102021974950001161584870000003760                             82091213163      000                        1421240206                              100306000000000750000116726000000000000270663101010306              0000000000000000000000000000000000000000000000007500000000000000000000000000001010306                         0000000000000000000000000                                             000029
102021974950001161584870000003760                             82110204152      000                        1421240206                              100306000000000450010407765000000000000125620101010306              0000000000000000000000000000000000000000000000004500000000000000000000000000001010306                         0000000000000000000000000                                             000030
102021974950001161584870000003760                             82110212155      000                        1421240206                              100306000000000450007347476000000000000270663101010306              0000000000000000000000000000000000000000000000004500000000000000000000000000001010306                         0000000000000000000000000                                             000031
102021974950001161584870000003760                             82110322147      000                        1421240206                              100206000000000860010407765000000000000125647101010306              0000000000000000000000000000000000000000000000008898000000000029800000000000001010306                         0000000000000000000000000                                             000032
102021974950001161584870000003760                             82110333130      000                        1421240206                              100106000000000860010407765000000000000240655100240206              0000000000000000000000000000000000000000000000008816000000000021600000000000001240206                         0000000000000000000000000                                             000033
102021974950001161584870000003760                             82110333149      000                        1421240206                              100206000000000860010407765000000000000240655100240206              0000000000000000000000000000000000000000000000008786000000000018600000000000001240206                         0000000000000000000000000                                             000034
102021974950001161584870000003760                             82120118151      000                        1421240206                              100206000000000650010421245000000000000125647101010306              0000000000000000000000000000000000000000000000006714000000000021400000000000001010306                         0000000000000000000000000                                             000035
9201104                                                                                                                                                                                                                                                                                                                                                                                                   000036
