02RETORNO01COBRANCA       1584870000003760    IPAD                          104C ECON FEDERAL 290705                                                                                                                                                                                                                                                                                                 00015000001
102021974950001161584870000003760                             82999373751      000                        1421290705                              000000000000000860039928996000000000000270663101010805              0000000000000000000000000000000000000000000000008600000000000000000000000000001010805                         0000000000000000000000000                                             000002
102021974950001161584870000003760                             82999379202      000                        1421290705                              100805000000000860010430171000000000000125647101010805              0000000000000000000000000000000000000000000000008600000000000000000000000000001010805                         0000000000000000000000000                                             000003
102021974950001161584870000003760                             82999381487      000                        1421290705                              100805000000000860010409148000000000000125647101010805              0000000000000000000000000000000000000000000000008600000000000000000000000000001010805                         0000000000000000000000000                                             000004
102021974950001161584870000003760                             82999385024      000                        1421290705                              100805000000000860000100676000000000000270663101010805              0000000000000000000000000000000000000000000000008600000000000000000000000000001010805                         0000000000000000000000000                                             000005
9201104                                                                                                                                                                                                                                                                                                                                                                                                   000006
