02RETORNO01COBRANCA       1584870000003760    IPAD                          104C ECON FEDERAL 301106                                                                                                                                                                                                                                                                                                 00340000001
102021974950001161584870000003760                             82030704140      000                        1421301106                              101106000000000760010409148000000000000125647101011206              0000000000000000000000000000000000000000000000007904000000000030400000000000001011206                         0000000000000000000000000                                             000002
102021974950001161584870000003760                             82030722149      000                        1421301106                              101106000000000760010409148000000000000125647101011206              0000000000000000000000000000000000000000000000007904000000000030400000000000001011206                         0000000000000000000000000                                             000003
102021974950001161584870000003760                             82030732144      000                        1421301106                              101106000000000760010409148000000000000125647101011206              0000000000000000000000000000000000000000000000007904000000000030400000000000001011206                         0000000000000000000000000                                             000004
102021974950001161584870000003760                             82030927158      000                        1421301106                              101106000000000760010407757000000000000125647101011206              0000000000000000000000000000000000000000000000007904000000000030400000000000001011206                         0000000000000000000000000                                             000005
102021974950001161584870000003760                             82031109122      000                        1421301106                              101206000000000760010424465000000000000240655100301106              0000000000000000000000000000000000000000000000007600000000000000000000000000001301106                         0000000000000000000000000                                             000006
102021974950001161584870000003760                             82060519139      000                        1421301106                              100906000000000760010415814000000000000240655100301106              0000000000000000000000000000000000000000000000008368000000000076800000000000001301106                         0000000000000000000000000                                             000007
102021974950001161584870000003760                             82060935140      000                        1421301106                              101106000000000760010410286000000000000125647101011206              0000000000000000000000000000000000000000000000007772000000000017200000000000001011206                         0000000000000000000000000                                             000008
102021974950001161584870000003760                             82070619179      000                        1421301106                              201206000000000760006500016000000000000270663101011206              0000000000000000000000000000000000000000000000007600000000000000000000000000001011206                         0000000000000000000000000                                             000009
102021974950001161584870000003760                             82070720155      000                        1421301106                              201106000000000760010405592000000000000125647101011206              0000000000000000000000000000000000000000000000007828000000000022800000000000001011206                         0000000000000000000000000                                             000010
102021974950001161584870000003760                             82071229161      000                        1421301106                              101206000000000760007347476000000000000270663101011206              0000000000000000000000000000000000000000000000007600000000000000000000000000001011206                         0000000000000000000000000                                             000011
102021974950001161584870000003760                             82091116141      000                        1421301106                              300806000000000750010408770000000000000240655100301106              0000000000000000000000000000000000000000000000008340000000000084000000000000001301106                         0000000000000000000000000                                             000012
102021974950001161584870000003760                             82091116150      000                        1421301106                              300806000000000750010408770000000000000240655100301106              0000000000000000000000000000000000000000000000008340000000000084000000000000001301106                         0000000000000000000000000                                             000013
102021974950001161584870000003760                             82091116168      000                        1421301106                              300806000000000750010408770000000000000240655100301106              0000000000000000000000000000000000000000000000008340000000000084000000000000001301106                         0000000000000000000000000                                             000014
102021974950001161584870000003760                             82091116176      000                        1421301106                              300806000000000750010408770000000000000240655100301106              0000000000000000000000000000000000000000000000008340000000000084000000000000001301106                         0000000000000000000000000                                             000015
9201104                                                                                                                                                                                                                                                                                                                                                                                                   000016
