02RETORNO01COBRANCA       1584870000003760    IPAD                          104C ECON FEDERAL 021006                                                                                                                                                                                                                                                                                                 00300000001
102021974950001161584870000003760                             82000048717      000                        1421021006                              000000000000000760010407765000000000000125647101031006              0000000000000000000000000000000000000000000000007600000000000000000000000000001031006                         0000000000000000000000000                                             000002
102021974950001161584870000003760                             82000049586      000                        1421021006                              000000000000000760000110696000000000000270663101031006              0000000000000000000000000000000000000000000000007600000000000000000000000000001031006                         0000000000000000000000000                                             000003
102021974950001161584870000003760                             82000049748      000                        1421021006                              000000000000000760007347476000000000000270663101031006              0000000000000000000000000000000000000000000000007600000000000000000000000000001031006                         0000000000000000000000000                                             000004
102021974950001161584870000003760                             82030206140      000                        1421021006                              100906000000000760010409156000000000000125647101031006              0000000000000000000000000000000000000000000000007920000000000032000000000000001031006                         0000000000000000000000000                                             000005
102021974950001161584870000003760                             82030217150      000                        1421021006                              101006000000000760007347476000000000000270663101031006              0000000000000000000000000000000000000000000000007600000000000000000000000000001031006                         0000000000000000000000000                                             000006
102021974950001161584870000003760                             82030301178      000                        1421021006                              300906000000000860006500016000000000000270663101031006              0000000000000000000000000000000000000000000000008600000000000000000000000000001031006                         0000000000000000000000000                                             000007
102021974950001161584870000003760                             82030315160      000                        1421021006                              300806000000000860010409156000000000000125647101031006              0000000000000000000000000000000000000000000000009020000000000042000000000000001031006                         0000000000000000000000000                                             000008
102021974950001161584870000003760                             82030319174      000                        1421021006                              300906000000000860010409156000000000000125647101031006              0000000000000000000000000000000000000000000000008600000000000000000000000000001031006                         0000000000000000000000000                                             000009
102021974950001161584870000003760                             82030325174      000                        1421021006                              300906000000000860006500016000000000000270663101031006              0000000000000000000000000000000000000000000000008600000000000000000000000000001031006                         0000000000000000000000000                                             000010
102021974950001161584870000003760                             82030326170      000                        1421021006                              300906000000000860006500016000000000000270663101031006              0000000000000000000000000000000000000000000000008600000000000000000000000000001031006                         0000000000000000000000000                                             000011
102021974950001161584870000003760                             82030427171      000                        1421021006                              101006000000000760010407757000000000000125647101031006              0000000000000000000000000000000000000000000000007600000000000000000000000000001031006                         0000000000000000000000000                                             000012
102021974950001161584870000003760                             82030518118      000                        1421021006                              150706000000000760010409148000000000000125647101031006              0000000000000000000000000000000000000000000000008337000000000073700000000000001031006                         0000000000000000000000000                                             000013
102021974950001161584870000003760                             82030518126      000                        1421021006                              150806000000000760010409148000000000000125647101031006              0000000000000000000000000000000000000000000000008109000000000050900000000000001031006                         0000000000000000000000000                                             000014
102021974950001161584870000003760                             82030518134      000                        1421021006                              150906000000000760010409148000000000000125647101031006              0000000000000000000000000000000000000000000000007881000000000028100000000000001031006                         0000000000000000000000000                                             000015
102021974950001161584870000003760                             82030519149      000                        1421021006                              151006000000000760000127026000000000000270663101031006              0000000000000000000000000000000000000000000000007600000000000000000000000000001031006                         0000000000000000000000000                                             000016
102021974950001161584870000003760                             82030547142      000                        1421021006                              151006000000000760010409148000000000000125620101031006              0000000000000000000000000000000000000000000000007600000000000000000000000000001031006                         0000000000000000000000000                                             000017
102021974950001161584870000003760                             82030711139      000                        1421021006                              000000000000000760039928996000000000000270663101031006              0000000000000000000000000000000000000000000000007600000000000000000000000000001031006                         0000000000000000000000000                                             000018
102021974950001161584870000003760                             82030715126      000                        1421021006                              100906000000000760010409148000000000000125647101031006              0000000000000000000000000000000000000000000000007919000000000031900000000000001031006                         0000000000000000000000000                                             000019
102021974950001161584870000003760                             82040742177      000                        1421021006                              031006000000030960000111206000000000000270663101031006              0000000000000000000000000000000000000000000000309600000000000000000000000000001031006                         0000000000000000000000000                                             000020
102021974950001161584870000003760                             82060622169      000                        1421021006                              250906000000000750010412424000000000000240655100021006              0000000000000000000000000000000000000000000000007699000000000019900000000000001021006                         0000000000000000000000000                                             000021
102021974950001161584870000003760                             82060911144      000                        1421021006                              000000000000000760039928996000000000000270663101031006              0000000000000000000000000000000000000000000000007600000000000000000000000000001031006                         0000000000000000000000000                                             000022
102021974950001161584870000003760                             82060916146      000                        1421021006                              101006000000000760006500016000000000000270663101031006              0000000000000000000000000000000000000000000000007600000000000000000000000000001031006                         0000000000000000000000000                                             000023
102021974950001161584870000003760                             82071220130      000                        1421021006                              100906000000000760010400485000000000000125647101031006              0000000000000000000000000000000000000000000000007928000000000032800000000000001031006                         0000000000000000000000000                                             000024
102021974950001161584870000003760                             82090722129      000                        1421021006                              300906000000000750035610116000000000000270663101031006              0000000000000000000000000000000000000000000000007500000000000000000000000000001031006                         0000000000000000000000000                                             000025
102021974950001161584870000003760                             82090722137      000                        1421021006                              300906000000000750035610116000000000000270663101031006              0000000000000000000000000000000000000000000000007500000000000000000000000000001031006                         0000000000000000000000000                                             000026
102021974950001161584870000003760                             82090722145      000                        1421021006                              300906000000000750035610116000000000000270663101031006              0000000000000000000000000000000000000000000000007500000000000000000000000000001031006                         0000000000000000000000000                                             000027
102021974950001161584870000003760                             82091209174      000                        1421021006                              100406000000000750010400540000000000000125647101031006              0000000000000000000000000000000000000000000000009390000000000189000000000000001031006                         0000000000000000000000000                                             000028
9201104                                                                                                                                                                                                                                                                                                                                                                                                   000029
