02RETORNO01COBRANCA       1584870000003760    IPAD                          104C ECON FEDERAL 271206                                                                                                                                                                                                                                                                                                 00358000001
102021974950001161584870000003760                             82000050118      000                        1421271206                              000000000000000760075641796000000000000270663101281206              0000000000000000000000000000000000000000000000007600000000000000000000000000001281206                         0000000000000000000000000                                             000002
102021974950001161584870000003760                             82030522166      000                        1421271206                              151206000000000760010409148000000000000125647101281206              0000000000000000000000000000000000000000000000007843000000000024300000000000001281206                         0000000000000000000000000                                             000003
102021974950001161584870000003760                             82030910166      000                        1421271206                              101206000000000760010407757000000000000125647101281206              0000000000000000000000000000000000000000000000007881000000000028100000000000001281206                         0000000000000000000000000                                             000004
102021974950001161584870000003760                             82031008113      000                        1421271206                              301206000000000760010409857000000000000125647101281206              0000000000000000000000000000000000000000000000007600000000000000000000000000001281206                         0000000000000000000000000                                             000005
102021974950001161584870000003760                             82031021110      000                        1421271206                              301206000000000760010409857000000000000125647101281206              0000000000000000000000000000000000000000000000007600000000000000000000000000001281206                         0000000000000000000000000                                             000006
102021974950001161584870000003760                             82031023112      000                        1421271206                              301206000000000760010409857000000000000125647101281206              0000000000000000000000000000000000000000000000007600000000000000000000000000001281206                         0000000000000000000000000                                             000007
102021974950001161584870000003760                             82031024119      000                        1421271206                              301206000000000760010400523000000000000125647101281206              0000000000000000000000000000000000000000000000007600000000000000000000000000001281206                         0000000000000000000000000                                             000008
102021974950001161584870000003760                             82031028114      000                        1421271206                              301206000000000760000141966000000000000270663101281206              0000000000000000000000000000000000000000000000007600000000000000000000000000001281206                         0000000000000000000000000                                             000009
102021974950001161584870000003760                             82060238172      000                        1421271206                              301106000000000860010421911000000000000125647101281206              0000000000000000000000000000000000000000000000008988000000000038800000000000001281206                         0000000000000000000000000                                             000010
102021974950001161584870000003760                             82060518167      000                        1421271206                              101206000000000760010410308000000000000125647101281206              0000000000000000000000000000000000000000000000007756000000000015600000000000001281206                         0000000000000000000000000                                             000011
102021974950001161584870000003760                             82070603159      000                        1421271206                              210906000000000760010405592000000000000125647101281206              0000000000000000000000000000000000000000000000008537000000000093700000000000001281206                         0000000000000000000000000                                             000012
102021974950001161584870000003760                             82070628178      000                        1421271206                              261206000000000660010405592000000000000125647101281206              0000000000000000000000000000000000000000000000006740000000000014000000000000001281206                         0000000000000000000000000                                             000013
102021974950001161584870000003760                             82071205173      000                        1421271206                              100107000000000760010400477000000000000125647101281206              0000000000000000000000000000000000000000000000007600000000000000000000000000001281206                         0000000000000000000000000                                             000014
102021974950001161584870000003760                             82071234122      000                        1421271206                              101106000000000760010400450000000000000125647101281206              0000000000000000000000000000000000000000000000008071000000000047100000000000001281206                         0000000000000000000000000                                             000015
102021974950001161584870000003760                             82110733163      000                        1421271206                              201206000000000750010407765000000000000125647101281206              0000000000000000000000000000000000000000000000007706000000000020600000000000001281206                         0000000000000000000000000                                             000016
9201104                                                                                                                                                                                                                                                                                                                                                                                                   000017
