02RETORNO01COBRANCA       1584870000003760    IPAD                          104C ECON FEDERAL 300606                                                                                                                                                                                                                                                                                                 00235000001
102021974950001161584870000003760                             82000045920      000                        1421300606                              000000000000000760039928996000000000000270663101030706              0000000000000000000000000000000000000000000000007600000000000000000000000000001030706                         0000000000000000000000000                                             000002
102021974950001161584870000003760                             82000046013      000                        1421300606                              000000000000000760010400450000000000000125647101030706              0000000000000000000000000000000000000000000000007600000000000000000000000000001030706                         0000000000000000000000000                                             000003
102021974950001161584870000003760                             82030304142      000                        1421300606                              300606000000000860006500016000000000000270663101030706              0000000000000000000000000000000000000000000000008600000000000000000000000000001030706                         0000000000000000000000000                                             000004
102021974950001161584870000003760                             82030319140      000                        1421300606                              300606000000000860006500016000000000000270663101030706              0000000000000000000000000000000000000000000000008600000000000000000000000000001030706                         0000000000000000000000000                                             000005
102021974950001161584870000003760                             82030324143      000                        1421300606                              300606000000000860010409156000000000000125647101030706              0000000000000000000000000000000000000000000000008600000000000000000000000000001030706                         0000000000000000000000000                                             000006
102021974950001161584870000003760                             82030325140      000                        1421300606                              300606000000000860006500016000000000000270663101030706              0000000000000000000000000000000000000000000000008600000000000000000000000000001030706                         0000000000000000000000000                                             000007
102021974950001161584870000003760                             82030326146      000                        1421300606                              300606000000000860006500016000000000000270663101030706              0000000000000000000000000000000000000000000000008600000000000000000000000000001030706                         0000000000000000000000000                                             000008
102021974950001161584870000003760                             82030404120      000                        1421300606                              100506000000000760010407757000000000000125647101030706              0000000000000000000000000000000000000000000000008102000000000050200000000000001030706                         0000000000000000000000000                                             000009
102021974950001161584870000003760                             82030407138      000                        1421300606                              100606000000000760010407757000000000000125647101030706              0000000000000000000000000000000000000000000000007852000000000025200000000000001030706                         0000000000000000000000000                                             000010
102021974950001161584870000003760                             82030902112      000                        1421300606                              100706000000000760010407757000000000000125647101030706              0000000000000000000000000000000000000000000000007600000000000000000000000000001030706                         0000000000000000000000000                                             000011
102021974950001161584870000003760                             82050110173      000                        1421300606                              100406000000000400010400531000000000000125647101030706              0000000000000000000000000000000000000000000000004300000000000030000000000000001030706                         0000000000000000000000000                                             000012
102021974950001161584870000003760                             82050305179      000                        1421300606                              100406000000000860010427782000000000000125647101030706              0000000000000000000000000000000000000000000000009420000000000082000000000000001030706                         0000000000000000000000000                                             000013
102021974950001161584870000003760                             82070424173      000                        1421300606                              300606000000000860010410308000000000000125647101030706              0000000000000000000000000000000000000000000000008600000000000000000000000000001030706                         0000000000000000000000000                                             000014
102021974950001161584870000003760                             82070510142      000                        1421300606                              300606000000000860010410308000000000000125647101030706              0000000000000000000000000000000000000000000000008600000000000000000000000000001030706                         0000000000000000000000000                                             000015
102021974950001161584870000003760                             82070510177      000                        1421300606                              300606000000000860010410308000000000000125647101030706              0000000000000000000000000000000000000000000000008600000000000000000000000000001030706                         0000000000000000000000000                                             000016
102021974950001161584870000003760                             82090328161      000                        1421300606                              100306000000000750010407749000000000000125647101030706              0000000000000000000000000000000000000000000000007661000000000016100000000000001030706                         0000000000000000000000000                                             000017
102021974950001161584870000003760                             82090328170      000                        1421300606                              100406000000000750010407749000000000000125647101030706              0000000000000000000000000000000000000000000000007658000000000015800000000000001030706                         0000000000000000000000000                                             000018
9201104                                                                                                                                                                                                                                                                                                                                                                                                   000019
