02RETORNO01COBRANCA       1584870000003760    IPAD                          104C ECON FEDERAL 020306                                                                                                                                                                                                                                                                                                 00153000001
102021974950001161584870000003760                             82000032500      000                        1421020306                              050306000000000860002410596000000000000270663101030306              0000000000000000000000000000000000000000000000008600000000000000000000000000001030306                         0000000000000000000000000                                             000002
102021974950001161584870000003760                             82000032845      000                        1421020306                              050306000000000860010430171000000000000125647101030306              0000000000000000000000000000000000000000000000008600000000000000000000000000001030306                         0000000000000000000000000                                             000003
102021974950001161584870000003760                             82000032896      000                        1421020306                              050306000000000860000135056000000000000270663101030306              0000000000000000000000000000000000000000000000008600000000000000000000000000001030306                         0000000000000000000000000                                             000004
102021974950001161584870000003760                             82000033531      000                        1421020306                              050306000000000750006500016000000000000270663101030306              0000000000000000000000000000000000000000000000007500000000000000000000000000001030306                         0000000000000000000000000                                             000005
102021974950001161584870000003760                             82000033540      000                        1421020306                              050306000000000750010412424000000000000125647101030306              0000000000000000000000000000000000000000000000007500000000000000000000000000001030306                         0000000000000000000000000                                             000006
102021974950001161584870000003760                             82000033558      000                        1421020306                              050306000000000750074500016000000000000270663101030306              0000000000000000000000000000000000000000000000007500000000000000000000000000001030306                         0000000000000000000000000                                             000007
102021974950001161584870000003760                             82000033566      000                        1421020306                              050306000000000750074500016000000000000270663101030306              0000000000000000000000000000000000000000000000007500000000000000000000000000001030306                         0000000000000000000000000                                             000008
102021974950001161584870000003760                             82000033655      000                        1421020306                              050306000000000860000118386000000000000270663101030306              0000000000000000000000000000000000000000000000008600000000000000000000000000001030306                         0000000000000000000000000                                             000009
102021974950001161584870000003760                             82000035887      000                        1421020306                              150306000000000860010409156000000000000125647101030306              0000000000000000000000000000000000000000000000008600000000000000000000000000001030306                         0000000000000000000000000                                             000010
102021974950001161584870000003760                             82000037294      000                        1421020306                              050306000000000860035601326000000000000270663101030306              0000000000000000000000000000000000000000000000008600000000000000000000000000001030306                         0000000000000000000000000                                             000011
102021974950001161584870000003760                             82010117150      000                        1421020306                              100306000000000750000121296000000000000270663101030306              0000000000000000000000000000000000000000000000007500000000000000000000000000001030306                         0000000000000000000000000                                             000012
102021974950001161584870000003760                             82010122154      000                        1421020306                              100306000000000750010414338000000000000125647101030306              0000000000000000000000000000000000000000000000007500000000000000000000000000001030306                         0000000000000000000000000                                             000013
102021974950001161584870000003760                             82010201151      000                        1421020306                              100306000000000420000117546000000000000270663101030306              0000000000000000000000000000000000000000000000004200000000000000000000000000001030306                         0000000000000000000000000                                             000014
102021974950001161584870000003760                             82030113150      000                        1421020306                              100306000000000750010424465000000000000240655100020306              0000000000000000000000000000000000000000000000007500000000000000000000000000001020306                         0000000000000000000000000                                             000015
102021974950001161584870000003760                             82030126155      000                        1421020306                              100306000000000750010424465000000000000125647101030306              0000000000000000000000000000000000000000000000007500000000000000000000000000001030306                         0000000000000000000000000                                             000016
102021974950001161584870000003760                             82030128140      000                        1421020306                              100206000000000750010424465000000000000125647101030306              0000000000000000000000000000000000000000000000007783000000000028300000000000001030306                         0000000000000000000000000                                             000017
102021974950001161584870000003760                             82040436165      000                        1421020306                              100306000000000860000125646000000000000270663101030306              0000000000000000000000000000000000000000000000008600000000000000000000000000001030306                         0000000000000000000000000                                             000018
102021974950001161584870000003760                             82050109167      000                        1421020306                              100306000000000400006500016000000000000270663101030306              0000000000000000000000000000000000000000000000004000000000000000000000000000001030306                         0000000000000000000000000                                             000019
102021974950001161584870000003760                             82050207169      000                        1421020306                              100306000000000400023708356000000000000270663101030306              0000000000000000000000000000000000000000000000004000000000000000000000000000001030306                         0000000000000000000000000                                             000020
102021974950001161584870000003760                             82050230160      000                        1421020306                              100306000000000400010400531000000000000125647101030306              0000000000000000000000000000000000000000000000004000000000000000000000000000001030306                         0000000000000000000000000                                             000021
102021974950001161584870000003760                             82050317150      000                        1421020306                              100206000000000860010427782000000000000125647101030306              0000000000000000000000000000000000000000000000008944000000000034400000000000001030306                         0000000000000000000000000                                             000022
102021974950001161584870000003760                             82060148173      000                        1421020306                              150306000000000860010430171000000000000125647101030306              0000000000000000000000000000000000000000000000008600000000000000000000000000001030306                         0000000000000000000000000                                             000023
102021974950001161584870000003760                             82060235157      000                        1421020306                              100306000000000860006500016000000000000270663101030306              0000000000000000000000000000000000000000000000008600000000000000000000000000001030306                         0000000000000000000000000                                             000024
102021974950001161584870000003760                             82060239128      000                        1421020306                              100206000000000860010421911000000000000125647101030306              0000000000000000000000000000000000000000000000008944000000000034400000000000001030306                         0000000000000000000000000                                             000025
102021974950001161584870000003760                             82070101161      000                        1421020306                              100306000000000860034131756000000000000270663101030306              0000000000000000000000000000000000000000000000008600000000000000000000000000001030306                         0000000000000000000000000                                             000026
102021974950001161584870000003760                             82070104160      000                        1421020306                              100306000000000860010400493000000000000125647101030306              0000000000000000000000000000000000000000000000008600000000000000000000000000001030306                         0000000000000000000000000                                             000027
102021974950001161584870000003760                             82070209140      000                        1421020306                              100106000000000860010410308000000000000125647101030306              0000000000000000000000000000000000000000000000009210000000000061000000000000001030306                         0000000000000000000000000                                             000028
102021974950001161584870000003760                             82070322168      000                        1421020306                              150306000000000860006500016000000000000270663101030306              0000000000000000000000000000000000000000000000008600000000000000000000000000001030306                         0000000000000000000000000                                             000029
102021974950001161584870000003760                             82070520156      000                        1421020306                              150206000000000860010409237000000000000125647101030306              0000000000000000000000000000000000000000000000008901000000000030100000000000001030306                         0000000000000000000000000                                             000030
102021974950001161584870000003760                             82090328153      000                        1421020306                              100206000000000750010407749000000000000125647101030306              0000000000000000000000000000000000000000000000007790000000000029000000000000001030306                         0000000000000000000000000                                             000031
102021974950001161584870000003760                             82090409153      000                        1421020306                              100206000000000750010400540000000000000125647101030306              0000000000000000000000000000000000000000000000007790000000000029000000000000001030306                         0000000000000000000000000                                             000032
102021974950001161584870000003760                             82090426155      000                        1421020306                              100206000000000750010400540000000000000125647101030306              0000000000000000000000000000000000000000000000007800000000000030000000000000001030306                         0000000000000000000000000                                             000033
102021974950001161584870000003760                             82090705160      000                        1421020306                              100306000000000750023718776000000000000270663101030306              0000000000000000000000000000000000000000000000007500000000000000000000000000001030306                         0000000000000000000000000                                             000034
102021974950001161584870000003760                             82090723150      000                        1421020306                              100206000000000750010408770000000000000125647101030306              0000000000000000000000000000000000000000000000007810000000000031000000000000001030306                         0000000000000000000000000                                             000035
102021974950001161584870000003760                             82090731160      000                        1421020306                              100306000000000750006500016000000000000270663101030306              0000000000000000000000000000000000000000000000007500000000000000000000000000001030306                         0000000000000000000000000                                             000036
102021974950001161584870000003760                             82090901163      000                        1421020306                              100306000000000750010408770000000000000125647101030306              0000000000000000000000000000000000000000000000007500000000000000000000000000001030306                         0000000000000000000000000                                             000037
102021974950001161584870000003760                             82090933154      000                        1421020306                              100206000000000750010408770000000000000125647101030306              0000000000000000000000000000000000000000000000007860000000000036000000000000001030306                         0000000000000000000000000                                             000038
102021974950001161584870000003760                             82091005153      000                        1421020306                              100206000000000375010408770000000000000125647101030306              0000000000000000000000000000000000000000000000003885000000000013500000000000001030306                         0000000000000000000000000                                             000039
102021974950001161584870000003760                             82110120137      000                        1421020306                              100106000000000750010407765000000000000125647101030306              0000000000000000000000000000000000000000000000008160000000000066000000000000001030306                         0000000000000000000000000                                             000040
102021974950001161584870000003760                             82110124140      000                        1421020306                              100206000000000750010407765000000000000125647101030306              0000000000000000000000000000000000000000000000007850000000000035000000000000001030306                         0000000000000000000000000                                             000041
102021974950001161584870000003760                             82110402140      000                        1421020306                              200206000000000750010408125000000000000125647101030306              0000000000000000000000000000000000000000000000007720000000000022000000000000001030306                         0000000000000000000000000                                             000042
102021974950001161584870000003760                             82110406146      000                        1421020306                              200206000000000750010407765000000000000240655100020306              0000000000000000000000000000000000000000000000007700000000000020000000000000001020306                         0000000000000000000000000                                             000043
102021974950001161584870000003760                             82120105157      000                        1421020306                              100206000000000650010421245000000000000125647101030306              0000000000000000000000000000000000000000000000006760000000000026000000000000001030306                         0000000000000000000000000                                             000044
102021974950001161584870000003760                             82120113150      000                        1421020306                              100206000000000650010421245000000000000125647101030306              0000000000000000000000000000000000000000000000006760000000000026000000000000001030306                         0000000000000000000000000                                             000045
102021974950001161584870000003760                             82120130151      000                        1421020306                              100206000000000650010421245000000000000125647101030306              0000000000000000000000000000000000000000000000006750000000000025000000000000001030306                         0000000000000000000000000                                             000046
9201104                                                                                                                                                                                                                                                                                                                                                                                                   000047
