02RETORNO01COBRANCA       1584870000003760    IPAD                          104C ECON FEDERAL 020506                                                                                                                                                                                                                                                                                                 00193000001
102021974950001161584870000003760                             82000035631      000                        1421020506                              100306000000000750010407765000000000000125647101030506              0000000000000000000000000000000000000000000000007968000000000046800000000000001030506                         0000000000000000000000000                                             000002
102021974950001161584870000003760                             82000035852      000                        1421020506                              150306000000000860010423485000000000000240655100020506              0000000000000000000000000000000000000000000000009195000000000059500000000000001020506                         0000000000000000000000000                                             000003
102021974950001161584870000003760                             82000040554      000                        1421020506                              000000000000000760000111126000000000000270663101030506              0000000000000000000000000000000000000000000000007600000000000000000000000000001030506                         0000000000000000000000000                                             000004
102021974950001161584870000003760                             82000040643      000                        1421020506                              000000000000000760000127026000000000000270663101030506              0000000000000000000000000000000000000000000000007600000000000000000000000000001030506                         0000000000000000000000000                                             000005
102021974950001161584870000003760                             82000042271      000                        1421020506                              000000000000000675010409148000000000000125647101030506              0000000000000000000000000000000000000000000000006750000000000000000000000000001030506                         0000000000000000000000000                                             000006
102021974950001161584870000003760                             82000042328      000                        1421020506                              000000000000000675000110606000000000000270663101030506              0000000000000000000000000000000000000000000000006750000000000000000000000000001030506                         0000000000000000000000000                                             000007
102021974950001161584870000003760                             82000042336      000                        1421020506                              000000000000000675010409148000000000000125647101030506              0000000000000000000000000000000000000000000000006750000000000000000000000000001030506                         0000000000000000000000000                                             000008
102021974950001161584870000003760                             82010118173      000                        1421020506                              100506000000000375000105706000000000000270663101030506              0000000000000000000000000000000000000000000000003750000000000000000000000000001030506                         0000000000000000000000000                                             000009
102021974950001161584870000003760                             82010136171      000                        1421020506                              100506000000000375006500016000000000000270663101030506              0000000000000000000000000000000000000000000000003750000000000000000000000000001030506                         0000000000000000000000000                                             000010
102021974950001161584870000003760                             82010209179      000                        1421020506                              100506000000000420006500016000000000000270663101030506              0000000000000000000000000000000000000000000000004200000000000000000000000000001030506                         0000000000000000000000000                                             000011
102021974950001161584870000003760                             82030114173      000                        1421020506                              100506000000000750010424465000000000000125647101030506              0000000000000000000000000000000000000000000000007500000000000000000000000000001030506                         0000000000000000000000000                                             000012
102021974950001161584870000003760                             82030301127      000                        1421020506                              300406000000000860006500016000000000000270663101030506              0000000000000000000000000000000000000000000000008600000000000000000000000000001030506                         0000000000000000000000000                                             000013
102021974950001161584870000003760                             82030306129      000                        1421020506                              300406000000000860006500016000000000000270663101030506              0000000000000000000000000000000000000000000000008600000000000000000000000000001030506                         0000000000000000000000000                                             000014
102021974950001161584870000003760                             82030312129      000                        1421020506                              300406000000000860010409156000000000000125647101030506              0000000000000000000000000000000000000000000000008600000000000000000000000000001030506                         0000000000000000000000000                                             000015
102021974950001161584870000003760                             82030313125      000                        1421020506                              300406000000000860075641796000000000000270663101030506              0000000000000000000000000000000000000000000000008600000000000000000000000000001030506                         0000000000000000000000000                                             000016
102021974950001161584870000003760                             82030314121      000                        1421020506                              300406000000000860006500016000000000000270663101030506              0000000000000000000000000000000000000000000000008600000000000000000000000000001030506                         0000000000000000000000000                                             000017
102021974950001161584870000003760                             82030315128      000                        1421020506                              300406000000000860006500016000000000000270663101030506              0000000000000000000000000000000000000000000000008600000000000000000000000000001030506                         0000000000000000000000000                                             000018
102021974950001161584870000003760                             82030318127      000                        1421020506                              300406000000000860006500016000000000000270663101030506              0000000000000000000000000000000000000000000000008600000000000000000000000000001030506                         0000000000000000000000000                                             000019
102021974950001161584870000003760                             82030319123      000                        1421020506                              300406000000000860010409156000000000000125647101030506              0000000000000000000000000000000000000000000000008600000000000000000000000000001030506                         0000000000000000000000000                                             000020
102021974950001161584870000003760                             82030322124      000                        1421020506                              300406000000000860010409156000000000000125647101030506              0000000000000000000000000000000000000000000000008600000000000000000000000000001030506                         0000000000000000000000000                                             000021
102021974950001161584870000003760                             82030324127      000                        1421020506                              300406000000000860010409156000000000000125647101030506              0000000000000000000000000000000000000000000000008600000000000000000000000000001030506                         0000000000000000000000000                                             000022
102021974950001161584870000003760                             82030325123      000                        1421020506                              300406000000000860006500016000000000000270663101030506              0000000000000000000000000000000000000000000000008600000000000000000000000000001030506                         0000000000000000000000000                                             000023
102021974950001161584870000003760                             82030326120      000                        1421020506                              300406000000000860010409156000000000000125647101030506              0000000000000000000000000000000000000000000000008600000000000000000000000000001030506                         0000000000000000000000000                                             000024
102021974950001161584870000003760                             82030327126      000                        1421020506                              300406000000000860006500016000000000000270663101030506              0000000000000000000000000000000000000000000000008600000000000000000000000000001030506                         0000000000000000000000000                                             000025
102021974950001161584870000003760                             82030328122      000                        1421020506                              300406000000000860006500016000000000000270663101030506              0000000000000000000000000000000000000000000000008600000000000000000000000000001030506                         0000000000000000000000000                                             000026
102021974950001161584870000003760                             82030329129      000                        1421020506                              300406000000000860010409156000000000000125647101030506              0000000000000000000000000000000000000000000000008600000000000000000000000000001030506                         0000000000000000000000000                                             000027
102021974950001161584870000003760                             82030332120      000                        1421020506                              300406000000000860006500016000000000000270663101030506              0000000000000000000000000000000000000000000000008600000000000000000000000000001030506                         0000000000000000000000000                                             000028
102021974950001161584870000003760                             82040601174      000                        1421020506                              100406000000000860010407730000000000000125647101030506              0000000000000000000000000000000000000000000000008961000000000036100000000000001030506                         0000000000000000000000000                                             000029
102021974950001161584870000003760                             82050113172      000                        1421020506                              100406000000000400010400531000000000000125647101030506              0000000000000000000000000000000000000000000000004156000000000015600000000000001030506                         0000000000000000000000000                                             000030
102021974950001161584870000003760                             82050315174      000                        1421020506                              100406000000000860010427782000000000000125647101030506              0000000000000000000000000000000000000000000000008961000000000036100000000000001030506                         0000000000000000000000000                                             000031
102021974950001161584870000003760                             82050330173      000                        1421020506                              100406000000000860010410383000000000000125647101030506              0000000000000000000000000000000000000000000000008924000000000032400000000000001030506                         0000000000000000000000000                                             000032
102021974950001161584870000003760                             82060218155      000                        1421020506                              100306000000000860010421911000000000000125647101030506              0000000000000000000000000000000000000000000000009172000000000057200000000000001030506                         0000000000000000000000000                                             000033
102021974950001161584870000003760                             82060230163      000                        1421020506                              100406000000000860010421911000000000000125647101030506              0000000000000000000000000000000000000000000000008935000000000033500000000000001030506                         0000000000000000000000000                                             000034
102021974950001161584870000003760                             82060239160      000                        1421020506                              100406000000000860010421911000000000000125647101030506              0000000000000000000000000000000000000000000000008948000000000034800000000000001030506                         0000000000000000000000000                                             000035
102021974950001161584870000003760                             82060308170      000                        1421020506                              150506000000000860010408761000000000000125647101030506              0000000000000000000000000000000000000000000000008600000000000000000000000000001030506                         0000000000000000000000000                                             000036
102021974950001161584870000003760                             82070319175      000                        1421020506                              020506000000000860010410308000000000000125647101030506              0000000000000000000000000000000000000000000000008600000000000000000000000000001030506                         0000000000000000000000000                                             000037
102021974950001161584870000003760                             82070402161      000                        1421020506                              150306000000000860010410308000000000000125647101030506              0000000000000000000000000000000000000000000000009159000000000055900000000000001030506                         0000000000000000000000000                                             000038
102021974950001161584870000003760                             82070402170      000                        1421020506                              150406000000000860010410308000000000000125647101030506              0000000000000000000000000000000000000000000000008892000000000029200000000000001030506                         0000000000000000000000000                                             000039
102021974950001161584870000003760                             82090222142      000                        1421020506                              300406000000000750010400540000000000000125647101030506              0000000000000000000000000000000000000000000000007500000000000000000000000000001030506                         0000000000000000000000000                                             000040
102021974950001161584870000003760                             82090330140      000                        1421020506                              300406000000000750010407749000000000000125647101030506              0000000000000000000000000000000000000000000000007500000000000000000000000000001030506                         0000000000000000000000000                                             000041
102021974950001161584870000003760                             82090524173      000                        1421020506                              100406000000000375010408770000000000000125647101030506              0000000000000000000000000000000000000000000000003897000000000014700000000000001030506                         0000000000000000000000000                                             000042
102021974950001161584870000003760                             82090606145      000                        1421020506                              300406000000000750010408770000000000000125647101030506              0000000000000000000000000000000000000000000000007500000000000000000000000000001030506                         0000000000000000000000000                                             000043
102021974950001161584870000003760                             82090609136      000                        1421020506                              300406000000000375010408770000000000000125647101030506              0000000000000000000000000000000000000000000000003750000000000000000000000000001030506                         0000000000000000000000000                                             000044
102021974950001161584870000003760                             82090720169      000                        1421020506                              100306000000000750010408770000000000000240655100020506              0000000000000000000000000000000000000000000000008048000000000054800000000000001020506                         0000000000000000000000000                                             000045
102021974950001161584870000003760                             82090806160      000                        1421020506                              100506000000000450010408770000000000000125647101030506              0000000000000000000000000000000000000000000000004500000000000000000000000000001030506                         0000000000000000000000000                                             000046
102021974950001161584870000003760                             82090930171      000                        1421020506                              100406000000000750010408770000000000000125647101030506              0000000000000000000000000000000000000000000000007700000000000020000000000000001030506                         0000000000000000000000000                                             000047
102021974950001161584870000003760                             82090933162      000                        1421020506                              100306000000000750010408770000000000000125647101030506              0000000000000000000000000000000000000000000000008048000000000054800000000000001030506                         0000000000000000000000000                                             000048
102021974950001161584870000003760                             82091002170      000                        1421020506                              100406000000000375010408770000000000000125647101030506              0000000000000000000000000000000000000000000000003900000000000015000000000000001030506                         0000000000000000000000000                                             000049
102021974950001161584870000003760                             82091016171      000                        1421020506                              100406000000000375010408770000000000000125647101030506              0000000000000000000000000000000000000000000000003750000000000000000000000000001030506                         0000000000000000000000000                                             000050
102021974950001161584870000003760                             82110323160      000                        1421020506                              100406000000000860010407765000000000000125647101030506              0000000000000000000000000000000000000000000000008961000000000036100000000000001030506                         0000000000000000000000000                                             000051
102021974950001161584870000003760                             82120118160      000                        1421020506                              100306000000000650010421245000000000000125647101030506              0000000000000000000000000000000000000000000000006930000000000043000000000000001030506                         0000000000000000000000000                                             000052
102021974950001161584870000003760                             82120118178      000                        1421020506                              100406000000000650010421245000000000000125647101030506              0000000000000000000000000000000000000000000000006745000000000024500000000000001030506                         0000000000000000000000000                                             000053
102021974950001161584870000003760                             82120134173      000                        1421020506                              100406000000000650010421245000000000000125647101030506              0000000000000000000000000000000000000000000000006772000000000027200000000000001030506                         0000000000000000000000000                                             000054
9201104                                                                                                                                                                                                                                                                                                                                                                                                   000055
