02RETORNO01COBRANCA       1584870000003760    IPAD                          104C ECON FEDERAL 010906                                                                                                                                                                                                                                                                                                 00280000001
102021974950001161584870000003760                             82000048296      000                        1421010906                              000000000000000760000141966000000000000270663101040906              0000000000000000000000000000000000000000000000007600000000000000000000000000001040906                         0000000000000000000000000                                             000002
102021974950001161584870000003760                             82000048440      000                        1421010906                              000000000000000760000141966000000000000270663101040906              0000000000000000000000000000000000000000000000007600000000000000000000000000001040906                         0000000000000000000000000                                             000003
102021974950001161584870000003760                             82000048601      000                        1421010906                              000000000000000760010409857000000000000125647101040906              0000000000000000000000000000000000000000000000007600000000000000000000000000001040906                         0000000000000000000000000                                             000004
102021974950001161584870000003760                             82000048610      000                        1421010906                              000000000000000760010400523000000000000125647101040906              0000000000000000000000000000000000000000000000007600000000000000000000000000001040906                         0000000000000000000000000                                             000005
102021974950001161584870000003760                             82000048628      000                        1421010906                              000000000000000760010409857000000000000125647101040906              0000000000000000000000000000000000000000000000007600000000000000000000000000001040906                         0000000000000000000000000                                             000006
102021974950001161584870000003760                             82030305165      000                        1421010906                              300806000000000860010409156000000000000125647101040906              0000000000000000000000000000000000000000000000008788000000000018800000000000001040906                         0000000000000000000000000                                             000007
102021974950001161584870000003760                             82030313168      000                        1421010906                              300806000000000860010409156000000000000125647101040906              0000000000000000000000000000000000000000000000008788000000000018800000000000001040906                         0000000000000000000000000                                             000008
102021974950001161584870000003760                             82030425160      000                        1421010906                              100906000000000760010407757000000000000125647101040906              0000000000000000000000000000000000000000000000007600000000000000000000000000001040906                         0000000000000000000000000                                             000009
102021974950001161584870000003760                             82030519130      000                        1421010906                              150906000000000760000127026000000000000270663101040906              0000000000000000000000000000000000000000000000007600000000000000000000000000001040906                         0000000000000000000000000                                             000010
102021974950001161584870000003760                             82030556125      000                        1421010906                              150806000000000760010409148000000000000125647101040906              0000000000000000000000000000000000000000000000007882000000000028200000000000001040906                         0000000000000000000000000                                             000011
102021974950001161584870000003760                             82060721140      000                        1421010906                              150806000000000860010415806000000000000125647101040906              0000000000000000000000000000000000000000000000008918000000000031800000000000001040906                         0000000000000000000000000                                             000012
102021974950001161584870000003760                             82060722147      000                        1421010906                              150806000000000860010410286000000000000125647101040906              0000000000000000000000000000000000000000000000008908000000000030800000000000001040906                         0000000000000000000000000                                             000013
102021974950001161584870000003760                             82060912124      000                        1421010906                              100806000000000760010410316000000000000125647101040906              0000000000000000000000000000000000000000000000007919000000000031900000000000001040906                         0000000000000000000000000                                             000014
102021974950001161584870000003760                             82070603140      000                        1421010906                              210806000000000760010405592000000000000125647101040906              0000000000000000000000000000000000000000000000007820000000000022000000000000001040906                         0000000000000000000000000                                             000015
102021974950001161584870000003760                             82070632132      000                        1421010906                              210706000000000760010423485000000000000240655100010906              0000000000000000000000000000000000000000000000008071000000000047100000000000001010906                         0000000000000000000000000                                             000016
102021974950001161584870000003760                             82110710147      000                        1421010906                              250706000000000750010407765000000000000125647101040906              0000000000000000000000000000000000000000000000007872000000000037200000000000001040906                         0000000000000000000000000                                             000017
102021974950001161584870000003760                             82110726159      000                        1421010906                              200806000000000750010407765000000000000125647101040906              0000000000000000000000000000000000000000000000007722000000000022200000000000001040906                         0000000000000000000000000                                             000018
102021974950001161584870000003760                             82110806160      000                        1421010906                              200906000000000750006500016000000000000270663101040906              0000000000000000000000000000000000000000000000007500000000000000000000000000001040906                         0000000000000000000000000                                             000019
102021974950001161584870000003760                             82110806179      000                        1421010906                              201006000000000750006500016000000000000270663101040906              0000000000000000000000000000000000000000000000007500000000000000000000000000001040906                         0000000000000000000000000                                             000020
102021974950001161584870000003760                             82110827150      000                        1421010906                              200806000000000750010407765000000000000125647101040906              0000000000000000000000000000000000000000000000007722000000000022200000000000001040906                         0000000000000000000000000                                             000021
9201104                                                                                                                                                                                                                                                                                                                                                                                                   000022
