02RETORNO01COBRANCA       1584870000003760    IPAD                          104C ECON FEDERAL 031006                                                                                                                                                                                                                                                                                                 00301000001
102021974950001161584870000003760                             82000048806      000                        1421031006                              000000000000000760010407765000000000000125647101041006              0000000000000000000000000000000000000000000000007600000000000000000000000000001041006                         0000000000000000000000000                                             000002
102021974950001161584870000003760                             82010317150      000                        1421031006                              101006000000000660006500016000000000000270663101041006              0000000000000000000000000000000000000000000000006600000000000000000000000000001041006                         0000000000000000000000000                                             000003
102021974950001161584870000003760                             82030414169      000                        1421031006                              100906000000000760010407757000000000000125647101041006              0000000000000000000000000000000000000000000000007913000000000031300000000000001041006                         0000000000000000000000000                                             000004
102021974950001161584870000003760                             82030553142      000                        1421031006                              151006000000000760000127026000000000000270663101041006              0000000000000000000000000000000000000000000000007600000000000000000000000000001041006                         0000000000000000000000000                                             000005
102021974950001161584870000003760                             82030556133      000                        1421031006                              150906000000000760010409148000000000000125647101041006              0000000000000000000000000000000000000000000000007878000000000027800000000000001041006                         0000000000000000000000000                                             000006
102021974950001161584870000003760                             82030713123      000                        1421031006                              100906000000000760010409148000000000000125647101041006              0000000000000000000000000000000000000000000000007926000000000032600000000000001041006                         0000000000000000000000000                                             000007
102021974950001161584870000003760                             82030713131      000                        1421031006                              101006000000000760010409148000000000000125647101041006              0000000000000000000000000000000000000000000000007600000000000000000000000000001041006                         0000000000000000000000000                                             000008
102021974950001161584870000003760                             82030713140      000                        1421031006                              101106000000000760010409148000000000000125647101041006              0000000000000000000000000000000000000000000000007600000000000000000000000000001041006                         0000000000000000000000000                                             000009
102021974950001161584870000003760                             82030905146      000                        1421031006                              101006000000000760010407757000000000000125647101041006              0000000000000000000000000000000000000000000000007600000000000000000000000000001041006                         0000000000000000000000000                                             000010
102021974950001161584870000003760                             82060629147      000                        1421031006                              150806000000000750010412424000000000000125647101041006              0000000000000000000000000000000000000000000000008017000000000051700000000000001041006                         0000000000000000000000000                                             000011
102021974950001161584870000003760                             82070710141      000                        1421031006                              201006000000000760006500016000000000000270663101041006              0000000000000000000000000000000000000000000000007600000000000000000000000000001041006                         0000000000000000000000000                                             000012
102021974950001161584870000003760                             82071219140      000                        1421031006                              101006000000000760010400485000000000000125647101041006              0000000000000000000000000000000000000000000000007600000000000000000000000000001041006                         0000000000000000000000000                                             000013
102021974950001161584870000003760                             82071228149      000                        1421031006                              101006000000000760006500016000000000000270663101041006              0000000000000000000000000000000000000000000000007600000000000000000000000000001041006                         0000000000000000000000000                                             000014
102021974950001161584870000003760                             82120131140      000                        1421031006                              300906000000000650010421245000000000000125647101041006              0000000000000000000000000000000000000000000000006648000000000014800000000000001041006                         0000000000000000000000000                                             000015
9201104                                                                                                                                                                                                                                                                                                                                                                                                   000016
