02RETORNO01COBRANCA       1584870000003760    IPAD                          104C ECON FEDERAL 030506                                                                                                                                                                                                                                                                                                 00194000001
102021974950001161584870000003760                             82000040465      000                        1421030506                              000000000000000760000121336000000000000270663101040506              0000000000000000000000000000000000000000000000007600000000000000000000000000001040506                         0000000000000000000000000                                             000002
102021974950001161584870000003760                             82000040686      000                        1421030506                              000000000000000760000127026000000000000270663101040506              0000000000000000000000000000000000000000000000007600000000000000000000000000001040506                         0000000000000000000000000                                             000003
102021974950001161584870000003760                             82000042166      000                        1421030506                              000000000000000675010409148000000000000125647101040506              0000000000000000000000000000000000000000000000006750000000000000000000000000001040506                         0000000000000000000000000                                             000004
102021974950001161584870000003760                             82010101173      000                        1421030506                              100506000000000375010414338000000000000125647101040506              0000000000000000000000000000000000000000000000003750000000000000000000000000001040506                         0000000000000000000000000                                             000005
102021974950001161584870000003760                             82010117177      000                        1421030506                              100506000000000750000121296000000000000270663101040506              0000000000000000000000000000000000000000000000007500000000000000000000000000001040506                         0000000000000000000000000                                             000006
102021974950001161584870000003760                             82010202174      000                        1421030506                              100506000000000420075641796000000000000270663101040506              0000000000000000000000000000000000000000000000004200000000000000000000000000001040506                         0000000000000000000000000                                             000007
102021974950001161584870000003760                             82010205173      000                        1421030506                              100506000000000420000117546000000000000270663101040506              0000000000000000000000000000000000000000000000004200000000000000000000000000001040506                         0000000000000000000000000                                             000008
102021974950001161584870000003760                             82010221179      000                        1421030506                              100506000000000420023725426000000000000270663101040506              0000000000000000000000000000000000000000000000004200000000000000000000000000001040506                         0000000000000000000000000                                             000009
102021974950001161584870000003760                             82030120165      000                        1421030506                              100406000000000750010424465000000000000125647101040506              0000000000000000000000000000000000000000000000007818000000000031800000000000001040506                         0000000000000000000000000                                             000010
102021974950001161584870000003760                             82030125175      000                        1421030506                              100506000000000750010424465000000000000125647101040506              0000000000000000000000000000000000000000000000007500000000000000000000000000001040506                         0000000000000000000000000                                             000011
102021974950001161584870000003760                             82030126171      000                        1421030506                              100506000000000750010424465000000000000125647101040506              0000000000000000000000000000000000000000000000007500000000000000000000000000001040506                         0000000000000000000000000                                             000012
102021974950001161584870000003760                             82030307125      000                        1421030506                              300406000000000860010409156000000000000125647101040506              0000000000000000000000000000000000000000000000008796000000000019600000000000001040506                         0000000000000000000000000                                             000013
102021974950001161584870000003760                             82030308121      000                        1421030506                              300406000000000860010409156000000000000125647101040506              0000000000000000000000000000000000000000000000008796000000000019600000000000001040506                         0000000000000000000000000                                             000014
102021974950001161584870000003760                             82030317120      000                        1421030506                              300406000000000860010409156000000000000125647101040506              0000000000000000000000000000000000000000000000008796000000000019600000000000001040506                         0000000000000000000000000                                             000015
102021974950001161584870000003760                             82030420118      000                        1421030506                              100406000000000760010407757000000000000125647101040506              0000000000000000000000000000000000000000000000007913000000000031300000000000001040506                         0000000000000000000000000                                             000016
102021974950001161584870000003760                             82040512163      000                        1421030506                              030506000000000860010400523000000000000125647101040506              0000000000000000000000000000000000000000000000008600000000000000000000000000001040506                         0000000000000000000000000                                             000017
102021974950001161584870000003760                             82050216168      000                        1421030506                              100306000000000400010400531000000000000125647101040506              0000000000000000000000000000000000000000000000004300000000000030000000000000001040506                         0000000000000000000000000                                             000018
102021974950001161584870000003760                             82060303160      000                        1421030506                              150406000000000860010408761000000000000125647101040506              0000000000000000000000000000000000000000000000008926000000000032600000000000001040506                         0000000000000000000000000                                             000019
102021974950001161584870000003760                             82070103164      000                        1421030506                              100306000000000860010423485000000000000240655100030506              0000000000000000000000000000000000000000000000008820000000000022000000000000001030506                         0000000000000000000000000                                             000020
102021974950001161584870000003760                             82070220179      000                        1421030506                              100406000000000860010409440000000000000125647101040506              0000000000000000000000000000000000000000000000008970000000000037000000000000001040506                         0000000000000000000000000                                             000021
102021974950001161584870000003760                             82070327143      000                        1421030506                              150106000000000860010430171000000000000125647101040506              0000000000000000000000000000000000000000000000009700000000000110000000000000001040506                         0000000000000000000000000                                             000022
102021974950001161584870000003760                             82070327151      000                        1421030506                              150206000000000860010430171000000000000125647101040506              0000000000000000000000000000000000000000000000009434000000000083400000000000001040506                         0000000000000000000000000                                             000023
102021974950001161584870000003760                             82070327160      000                        1421030506                              150306000000000860010430171000000000000125647101040506              0000000000000000000000000000000000000000000000009193000000000059300000000000001040506                         0000000000000000000000000                                             000024
102021974950001161584870000003760                             82070327178      000                        1421030506                              150406000000000860010430171000000000000125647101040506              0000000000000000000000000000000000000000000000008926000000000032600000000000001040506                         0000000000000000000000000                                             000025
102021974950001161584870000003760                             82070424165      000                        1421030506                              150306000000000860010410308000000000000125647101040506              0000000000000000000000000000000000000000000000009193000000000059300000000000001040506                         0000000000000000000000000                                             000026
102021974950001161584870000003760                             82090632146      000                        1421030506                              100506000000000375010408770000000000000125647101040506              0000000000000000000000000000000000000000000000003750000000000000000000000000001040506                         0000000000000000000000000                                             000027
102021974950001161584870000003760                             82090825165      000                        1421030506                              100506000000000450010408770000000000000125647101040506              0000000000000000000000000000000000000000000000004500000000000000000000000000001040506                         0000000000000000000000000                                             000028
102021974950001161584870000003760                             82090827150      000                        1421030506                              100406000000000450010408770000000000000125647101040506              0000000000000000000000000000000000000000000000004613000000000011300000000000001040506                         0000000000000000000000000                                             000029
102021974950001161584870000003760                             82090831165      000                        1421030506                              100506000000000450010408770000000000000125647101040506              0000000000000000000000000000000000000000000000004500000000000000000000000000001040506                         0000000000000000000000000                                             000030
102021974950001161584870000003760                             82091209166      000                        1421030506                              100306000000000750010400540000000000000125647101040506              0000000000000000000000000000000000000000000000008021000000000052100000000000001040506                         0000000000000000000000000                                             000031
102021974950001161584870000003760                             82120108148      000                        1421030506                              100106000000000650010421245000000000000240655100030506              0000000000000000000000000000000000000000000000007365000000000086500000000000001030506                         0000000000000000000000000                                             000032
9201104                                                                                                                                                                                                                                                                                                                                                                                                   000033
