02RETORNO01COBRANCA       1584870000003760    IPAD                          104C ECON FEDERAL 030206                                                                                                                                                                                                                                                                                                 00136000001
102021974950001161584870000003760                             82010127148      000                        1421030206                              000000000000000750039928996000000000000270663101060206              0000000000000000000000000000000000000000000000007500000000000000000000000000001060206                         0000000000000000000000000                                             000002
102021974950001161584870000003760                             82010136147      000                        1421030206                              100206000000000375010414338000000000000125647101060206              0000000000000000000000000000000000000000000000003750000000000000000000000000001060206                         0000000000000000000000000                                             000003
102021974950001161584870000003760                             82010201143      000                        1421030206                              100206000000000420000117546000000000000270663101060206              0000000000000000000000000000000000000000000000004200000000000000000000000000001060206                         0000000000000000000000000                                             000004
102021974950001161584870000003760                             82010205149      000                        1421030206                              100206000000000420000117546000000000000270663101060206              0000000000000000000000000000000000000000000000004200000000000000000000000000001060206                         0000000000000000000000000                                             000005
102021974950001161584870000003760                             82010212145      000                        1421030206                              100206000000000420007347476000000000000270663101060206              0000000000000000000000000000000000000000000000004200000000000000000000000000001060206                         0000000000000000000000000                                             000006
102021974950001161584870000003760                             82010214130      000                        1421030206                              100106000000000420010414338000000000000240655100030206              0000000000000000000000000000000000000000000000004380000000000018000000000000001030206                         0000000000000000000000000                                             000007
102021974950001161584870000003760                             82030114149      000                        1421030206                              100206000000000750010424465000000000000125647101060206              0000000000000000000000000000000000000000000000007500000000000000000000000000001060206                         0000000000000000000000000                                             000008
102021974950001161584870000003760                             82030115145      000                        1421030206                              100206000000000750010424465000000000000125647101060206              0000000000000000000000000000000000000000000000007500000000000000000000000000001060206                         0000000000000000000000000                                             000009
102021974950001161584870000003760                             82040101155      000                        1421030206                              100206000000000430075641796000000000000270663101060206              0000000000000000000000000000000000000000000000004300000000000000000000000000001060206                         0000000000000000000000000                                             000010
102021974950001161584870000003760                             82040105150      000                        1421030206                              100206000000000430075641796000000000000270663101060206              0000000000000000000000000000000000000000000000004300000000000000000000000000001060206                         0000000000000000000000000                                             000011
102021974950001161584870000003760                             82040116152      000                        1421030206                              100206000000000860006500016000000000000270663101060206              0000000000000000000000000000000000000000000000008600000000000000000000000000001060206                         0000000000000000000000000                                             000012
102021974950001161584870000003760                             82040125151      000                        1421030206                              100206000000000860006500016000000000000270663101060206              0000000000000000000000000000000000000000000000008600000000000000000000000000001060206                         0000000000000000000000000                                             000013
102021974950001161584870000003760                             82040128150      000                        1421030206                              100206000000000430010400523000000000000125647101060206              0000000000000000000000000000000000000000000000004300000000000000000000000000001060206                         0000000000000000000000000                                             000014
102021974950001161584870000003760                             82040203152      000                        1421030206                              100206000000000430010400523000000000000125647101060206              0000000000000000000000000000000000000000000000004300000000000000000000000000001060206                         0000000000000000000000000                                             000015
102021974950001161584870000003760                             82040430159      000                        1421030206                              100206000000000860010400523000000000000125647101060206              0000000000000000000000000000000000000000000000008600000000000000000000000000001060206                         0000000000000000000000000                                             000016
102021974950001161584870000003760                             82040514158      000                        1421030206                              100206000000000860006500016000000000000270663101060206              0000000000000000000000000000000000000000000000008600000000000000000000000000001060206                         0000000000000000000000000                                             000017
102021974950001161584870000003760                             82040534140      000                        1421030206                              100106000000000860010400523000000000000125647101060206              0000000000000000000000000000000000000000000000008978000000000037800000000000001060206                         0000000000000000000000000                                             000018
102021974950001161584870000003760                             82050125154      000                        1421030206                              100206000000000400006500016000000000000270663101060206              0000000000000000000000000000000000000000000000004000000000000000000000000000001060206                         0000000000000000000000000                                             000019
102021974950001161584870000003760                             82060103161      000                        1421030206                              150206000000000860006500016000000000000270663101060206              0000000000000000000000000000000000000000000000008600000000000000000000000000001060206                         0000000000000000000000000                                             000020
102021974950001161584870000003760                             82060224147      000                        1421030206                              000000000000000860039928996000000000000270663101060206              0000000000000000000000000000000000000000000000008600000000000000000000000000001060206                         0000000000000000000000000                                             000021
102021974950001161584870000003760                             82060308146      000                        1421030206                              150206000000000860010408761000000000000125647101060206              0000000000000000000000000000000000000000000000008600000000000000000000000000001060206                         0000000000000000000000000                                             000022
102021974950001161584870000003760                             82060313140      000                        1421030206                              150206000000000860010412947000000000000125647101060206              0000000000000000000000000000000000000000000000008600000000000000000000000000001060206                         0000000000000000000000000                                             000023
102021974950001161584870000003760                             82060336123      000                        1421030206                              301205000000000860010408761000000000000125647101060206              0000000000000000000000000000000000000000000000009052000000000045200000000000001060206                         0000000000000000000000000                                             000024
102021974950001161584870000003760                             82070112155      000                        1421030206                              100206000000000860023731906000000000000270663101060206              0000000000000000000000000000000000000000000000008600000000000000000000000000001060206                         0000000000000000000000000                                             000025
102021974950001161584870000003760                             82070331140      000                        1421030206                              150106000000000860010415814000000000000125647101060206              0000000000000000000000000000000000000000000000008924000000000032400000000000001060206                         0000000000000000000000000                                             000026
102021974950001161584870000003760                             82070418130      000                        1421030206                              151205000000000860010410286000000000000125647101060206              0000000000000000000000000000000000000000000000009172000000000057200000000000001060206                         0000000000000000000000000                                             000027
102021974950001161584870000003760                             82090915156      000                        1421030206                              100206000000000750010408770000000000000125647101060206              0000000000000000000000000000000000000000000000007500000000000000000000000000001060206                         0000000000000000000000000                                             000028
102021974950001161584870000003760                             82110101140      000                        1421030206                              100206000000000750010407765000000000000125647101060206              0000000000000000000000000000000000000000000000007500000000000000000000000000001060206                         0000000000000000000000000                                             000029
102021974950001161584870000003760                             82110204144      000                        1421030206                              100206000000000450010407765000000000000125620101060206              0000000000000000000000000000000000000000000000004500000000000000000000000000001060206                         0000000000000000000000000                                             000030
102021974950001161584870000003760                             82110323135      000                        1421030206                              100106000000000860010407765000000000000125647101060206              0000000000000000000000000000000000000000000000008600000000000000000000000000001060206                         0000000000000000000000000                                             000031
102021974950001161584870000003760                             82120112153      000                        1421030206                              100206000000000650006500016000000000000270663101060206              0000000000000000000000000000000000000000000000006500000000000000000000000000001060206                         0000000000000000000000000                                             000032
102021974950001161584870000003760                             82120128157      000                        1421030206                              100206000000000650007347476000000000000270663101060206              0000000000000000000000000000000000000000000000006500000000000000000000000000001060206                         0000000000000000000000000                                             000033
102021974950001161584870000003760                             82120132154      000                        1421030206                              100206000000000650023721166000000000000270663101060206              0000000000000000000000000000000000000000000000006500000000000000000000000000001060206                         0000000000000000000000000                                             000034
9201104                                                                                                                                                                                                                                                                                                                                                                                                   000035
