02RETORNO01COBRANCA       1584870000003760    IPAD                          104C ECON FEDERAL 030106                                                                                                                                                                                                                                                                                                 00113000001
102021974950001161584870000003760                             82010206137      000                        1421030106                              100106000000000420010414338000000000000125647101040106              0000000000000000000000000000000000000000000000004200000000000000000000000000001040106                         0000000000000000000000000                                             000002
102021974950001161584870000003760                             82030113134      000                        1421030106                              100106000000000750010424465000000000000240655100030106              0000000000000000000000000000000000000000000000007500000000000000000000000000001030106                         0000000000000000000000000                                             000003
102021974950001161584870000003760                             82040108141      000                        1421030106                              100106000000000430010400523000000000000125647101040106              0000000000000000000000000000000000000000000000004300000000000000000000000000001040106                         0000000000000000000000000                                             000004
102021974950001161584870000003760                             82040109148      000                        1421030106                              100106000000000430075641796000000000000270663101040106              0000000000000000000000000000000000000000000000004300000000000000000000000000001040106                         0000000000000000000000000                                             000005
102021974950001161584870000003760                             82040116144      000                        1421030106                              100106000000000860006500016000000000000270663101040106              0000000000000000000000000000000000000000000000008600000000000000000000000000001040106                         0000000000000000000000000                                             000006
102021974950001161584870000003760                             82040125143      000                        1421030106                              100106000000000860006500016000000000000270663101040106              0000000000000000000000000000000000000000000000008600000000000000000000000000001040106                         0000000000000000000000000                                             000007
102021974950001161584870000003760                             82040302142      000                        1421030106                              100106000000000360006500016000000000000270663101040106              0000000000000000000000000000000000000000000000003600000000000000000000000000001040106                         0000000000000000000000000                                             000008
102021974950001161584870000003760                             82040514140      000                        1421030106                              100106000000000860006500016000000000000270663101040106              0000000000000000000000000000000000000000000000008600000000000000000000000000001040106                         0000000000000000000000000                                             000009
102021974950001161584870000003760                             82040516142      000                        1421030106                              100106000000000860010400523000000000000125647101040106              0000000000000000000000000000000000000000000000008600000000000000000000000000001040106                         0000000000000000000000000                                             000010
102021974950001161584870000003760                             82040517149      000                        1421030106                              100106000000000860006500016000000000000270663101040106              0000000000000000000000000000000000000000000000008600000000000000000000000000001040106                         0000000000000000000000000                                             000011
102021974950001161584870000003760                             82040529147      000                        1421030106                              100106000000000860010400523000000000000125647101040106              0000000000000000000000000000000000000000000000008600000000000000000000000000001040106                         0000000000000000000000000                                             000012
102021974950001161584870000003760                             82050201144      000                        1421030106                              100106000000000400006500016000000000000270663101040106              0000000000000000000000000000000000000000000000004000000000000000000000000000001040106                         0000000000000000000000000                                             000013
102021974950001161584870000003760                             82060321134      000                        1421030106                              000000000000000860039928996000000000000270663101040106              0000000000000000000000000000000000000000000000008600000000000000000000000000001040106                         0000000000000000000000000                                             000014
102021974950001161584870000003760                             82070125141      000                        1421030106                              110106000000000860006500016000000000000270663101040106              0000000000000000000000000000000000000000000000008600000000000000000000000000001040106                         0000000000000000000000000                                             000015
102021974950001161584870000003760                             82070316133      000                        1421030106                              151205000000000860010409172000000000000125647101040106              0000000000000000000000000000000000000000000000008924000000000032400000000000001040106                         0000000000000000000000000                                             000016
102021974950001161584870000003760                             82090512132      000                        1421030106                              101205000000000375010408770000000000000240655100030106              0000000000000000000000000000000000000000000000003915000000000016500000000000001030106                         0000000000000000000000000                                             000017
102021974950001161584870000003760                             82090616140      000                        1421030106                              100106000000000375010408770000000000000125647101040106              0000000000000000000000000000000000000000000000003750000000000000000000000000001040106                         0000000000000000000000000                                             000018
102021974950001161584870000003760                             82090707146      000                        1421030106                              100106000000000750010408770000000000000125647101040106              0000000000000000000000000000000000000000000000007500000000000000000000000000001040106                         0000000000000000000000000                                             000019
102021974950001161584870000003760                             82090921130      000                        1421030106                              101205000000000375010408770000000000000125647101040106              0000000000000000000000000000000000000000000000003897000000000014700000000000001040106                         0000000000000000000000000                                             000020
102021974950001161584870000003760                             82091110143      000                        1421030106                              100106000000000750010408770000000000000125647101040106              0000000000000000000000000000000000000000000000007500000000000000000000000000001040106                         0000000000000000000000000                                             000021
102021974950001161584870000003760                             82110105138      000                        1421030106                              100106000000000750010407765000000000000125647101040106              0000000000000000000000000000000000000000000000007500000000000000000000000000001040106                         0000000000000000000000000                                             000022
102021974950001161584870000003760                             82110113130      000                        1421030106                              100106000000000750000110286000000000000270663101040106              0000000000000000000000000000000000000000000000007500000000000000000000000000001040106                         0000000000000000000000000                                             000023
102021974950001161584870000003760                             82110227128      000                        1421030106                              100106000000000450010407765000000000000125620101040106              0000000000000000000000000000000000000000000000004500000000000000000000000000001040106                         0000000000000000000000000                                             000024
102021974950001161584870000003760                             82120132146      000                        1421030106                              100106000000000650007347476000000000000270663101040106              0000000000000000000000000000000000000000000000006500000000000000000000000000001040106                         0000000000000000000000000                                             000025
102021974950001161584870000003760                             82130109155      000                        1421030106                              100106000000000860006500016000000000000270663101040106              0000000000000000000000000000000000000000000000008600000000000000000000000000001040106                         0000000000000000000000000                                             000026
102021974950001161584870000003760                             82130228120      000                        1421030106                              151205000000000860010409148000000000000125647101040106              0000000000000000000000000000000000000000000000008935000000000033500000000000001040106                         0000000000000000000000000                                             000027
9201104                                                                                                                                                                                                                                                                                                                                                                                                   000028
