02RETORNO01COBRANCA       1584870000003760    IPAD                          104C ECON FEDERAL 030306                                                                                                                                                                                                                                                                                                 00154000001
102021974950001161584870000003760                             82000032772      000                        1421030306                              050306000000000860006500016000000000000270663101060306              0000000000000000000000000000000000000000000000008600000000000000000000000000001060306                         0000000000000000000000000                                             000002
102021974950001161584870000003760                             82000032780      000                        1421030306                              050306000000000860002410326000000000000270663101060306              0000000000000000000000000000000000000000000000008600000000000000000000000000001060306                         0000000000000000000000000                                             000003
102021974950001161584870000003760                             82000032799      000                        1421030306                              050306000000000860002410596000000000000270663101060306              0000000000000000000000000000000000000000000000008600000000000000000000000000001060306                         0000000000000000000000000                                             000004
102021974950001161584870000003760                             82000032802      000                        1421030306                              050306000000000860002410596000000000000270663101060306              0000000000000000000000000000000000000000000000008600000000000000000000000000001060306                         0000000000000000000000000                                             000005
102021974950001161584870000003760                             82000032829      000                        1421030306                              050306000000000860002410596000000000000270663101060306              0000000000000000000000000000000000000000000000008600000000000000000000000000001060306                         0000000000000000000000000                                             000006
102021974950001161584870000003760                             82000032900      000                        1421030306                              050306000000000860006500016000000000000270663101060306              0000000000000000000000000000000000000000000000008600000000000000000000000000001060306                         0000000000000000000000000                                             000007
102021974950001161584870000003760                             82000032918      000                        1421030306                              050306000000000860010409172000000000000125647101060306              0000000000000000000000000000000000000000000000008600000000000000000000000000001060306                         0000000000000000000000000                                             000008
102021974950001161584870000003760                             82000032926      000                        1421030306                              050306000000000860010409172000000000000125647101060306              0000000000000000000000000000000000000000000000008600000000000000000000000000001060306                         0000000000000000000000000                                             000009
102021974950001161584870000003760                             82000032934      000                        1421030306                              050306000000000860010409172000000000000125647101060306              0000000000000000000000000000000000000000000000008600000000000000000000000000001060306                         0000000000000000000000000                                             000010
102021974950001161584870000003760                             82000032942      000                        1421030306                              050306000000000860010409172000000000000125647101060306              0000000000000000000000000000000000000000000000008600000000000000000000000000001060306                         0000000000000000000000000                                             000011
102021974950001161584870000003760                             82000032950      000                        1421030306                              000000000000000860034108746000000000000270663101060306              0000000000000000000000000000000000000000000000008600000000000000000000000000001060306                         0000000000000000000000000                                             000012
102021974950001161584870000003760                             82000032969      000                        1421030306                              050306000000000860010409172000000000000125647101060306              0000000000000000000000000000000000000000000000008600000000000000000000000000001060306                         0000000000000000000000000                                             000013
102021974950001161584870000003760                             82000032977      000                        1421030306                              050306000000000860010409172000000000000125647101060306              0000000000000000000000000000000000000000000000008600000000000000000000000000001060306                         0000000000000000000000000                                             000014
102021974950001161584870000003760                             82000033418      000                        1421030306                              050306000000000750010412424000000000000125647101060306              0000000000000000000000000000000000000000000000007500000000000000000000000000001060306                         0000000000000000000000000                                             000015
102021974950001161584870000003760                             82000033485      000                        1421030306                              050306000000000750010412424000000000000125647101060306              0000000000000000000000000000000000000000000000007500000000000000000000000000001060306                         0000000000000000000000000                                             000016
102021974950001161584870000003760                             82000033493      000                        1421030306                              050306000000000750010412424000000000000125647101060306              0000000000000000000000000000000000000000000000007500000000000000000000000000001060306                         0000000000000000000000000                                             000017
102021974950001161584870000003760                             82000033507      000                        1421030306                              050306000000000750010412424000000000000125647101060306              0000000000000000000000000000000000000000000000007500000000000000000000000000001060306                         0000000000000000000000000                                             000018
102021974950001161584870000003760                             82000033515      000                        1421030306                              050306000000000750074500016000000000000270663101060306              0000000000000000000000000000000000000000000000007500000000000000000000000000001060306                         0000000000000000000000000                                             000019
102021974950001161584870000003760                             82000033523      000                        1421030306                              050306000000000750006500016000000000000270663101060306              0000000000000000000000000000000000000000000000007500000000000000000000000000001060306                         0000000000000000000000000                                             000020
102021974950001161584870000003760                             82000033647      000                        1421030306                              050306000000000860034105506000000000000270663101060306              0000000000000000000000000000000000000000000000008600000000000000000000000000001060306                         0000000000000000000000000                                             000021
102021974950001161584870000003760                             82000036182      000                        1421030306                              150306000000000860010409156000000000000125647101060306              0000000000000000000000000000000000000000000000008600000000000000000000000000001060306                         0000000000000000000000000                                             000022
102021974950001161584870000003760                             82010118157      000                        1421030306                              100306000000000375000105706000000000000270663101060306              0000000000000000000000000000000000000000000000003750000000000000000000000000001060306                         0000000000000000000000000                                             000023
102021974950001161584870000003760                             82010207150      000                        1421030306                              100306000000000420023725426000000000000270663101060306              0000000000000000000000000000000000000000000000004200000000000000000000000000001060306                         0000000000000000000000000                                             000024
102021974950001161584870000003760                             82010207168      000                        1421030306                              100406000000000420023725426000000000000270663101060306              0000000000000000000000000000000000000000000000004200000000000000000000000000001060306                         0000000000000000000000000                                             000025
102021974950001161584870000003760                             82010207176      000                        1421030306                              100506000000000420023725426000000000000270663101060306              0000000000000000000000000000000000000000000000004200000000000000000000000000001060306                         0000000000000000000000000                                             000026
102021974950001161584870000003760                             82010212153      000                        1421030306                              100306000000000420007347476000000000000270663101060306              0000000000000000000000000000000000000000000000004200000000000000000000000000001060306                         0000000000000000000000000                                             000027
102021974950001161584870000003760                             82010219158      000                        1421030306                              100306000000000420010414338000000000000125647101060306              0000000000000000000000000000000000000000000000004200000000000000000000000000001060306                         0000000000000000000000000                                             000028
102021974950001161584870000003760                             82030107150      000                        1421030306                              100306000000000750023732106000000000000270663101060306              0000000000000000000000000000000000000000000000007500000000000000000000000000001060306                         0000000000000000000000000                                             000029
102021974950001161584870000003760                             82030114157      000                        1421030306                              100306000000000750010424465000000000000125647101060306              0000000000000000000000000000000000000000000000007500000000000000000000000000001060306                         0000000000000000000000000                                             000030
102021974950001161584870000003760                             82030134158      000                        1421030306                              100306000000000750010424465000000000000125647101060306              0000000000000000000000000000000000000000000000007500000000000000000000000000001060306                         0000000000000000000000000                                             000031
102021974950001161584870000003760                             82040224168      000                        1421030306                              100306000000000430010400523000000000000125647101060306              0000000000000000000000000000000000000000000000004300000000000000000000000000001060306                         0000000000000000000000000                                             000032
102021974950001161584870000003760                             82040236166      000                        1421030306                              100306000000000860010400523000000000000125647101060306              0000000000000000000000000000000000000000000000008600000000000000000000000000001060306                         0000000000000000000000000                                             000033
102021974950001161584870000003760                             82040307152      000                        1421030306                              100206000000000360010400523000000000000125647101060306              0000000000000000000000000000000000000000000000003756000000000015600000000000001060306                         0000000000000000000000000                                             000034
102021974950001161584870000003760                             82040408161      000                        1421030306                              100306000000000860075641796000000000000270663101060306              0000000000000000000000000000000000000000000000008600000000000000000000000000001060306                         0000000000000000000000000                                             000035
102021974950001161584870000003760                             82040410166      000                        1421030306                              100306000000000860010400523000000000000125620101060306              0000000000000000000000000000000000000000000000008600000000000000000000000000001060306                         0000000000000000000000000                                             000036
102021974950001161584870000003760                             82040430167      000                        1421030306                              100306000000000860010400523000000000000125647101060306              0000000000000000000000000000000000000000000000008600000000000000000000000000001060306                         0000000000000000000000000                                             000037
102021974950001161584870000003760                             82050122155      000                        1421030306                              100206000000000400010400531000000000000125647101060306              0000000000000000000000000000000000000000000000004164000000000016400000000000001060306                         0000000000000000000000000                                             000038
102021974950001161584870000003760                             82050233160      000                        1421030306                              100306000000000400006500016000000000000270663101060306              0000000000000000000000000000000000000000000000004000000000000000000000000000001060306                         0000000000000000000000000                                             000039
102021974950001161584870000003760                             82050308151      000                        1421030306                              100206000000000860010410383000000000000125647101060306              0000000000000000000000000000000000000000000000008940000000000034000000000000001060306                         0000000000000000000000000                                             000040
102021974950001161584870000003760                             82060103170      000                        1421030306                              150306000000000860010408761000000000000240655100030306              0000000000000000000000000000000000000000000000008600000000000000000000000000001030306                         0000000000000000000000000                                             000041
102021974950001161584870000003760                             82060203158      000                        1421030306                              100306000000000860006500016000000000000270663101060306              0000000000000000000000000000000000000000000000008600000000000000000000000000001060306                         0000000000000000000000000                                             000042
102021974950001161584870000003760                             82060224155      000                        1421030306                              000000000000000860039928996000000000000270663101060306              0000000000000000000000000000000000000000000000008600000000000000000000000000001060306                         0000000000000000000000000                                             000043
102021974950001161584870000003760                             82060308154      000                        1421030306                              150306000000000860010408761000000000000125647101060306              0000000000000000000000000000000000000000000000008600000000000000000000000000001060306                         0000000000000000000000000                                             000044
102021974950001161584870000003760                             82060313158      000                        1421030306                              150306000000000860010412947000000000000125647101060306              0000000000000000000000000000000000000000000000008600000000000000000000000000001060306                         0000000000000000000000000                                             000045
102021974950001161584870000003760                             82060320154      000                        1421030306                              150306000000000860010400450000000000000125647101060306              0000000000000000000000000000000000000000000000008600000000000000000000000000001060306                         0000000000000000000000000                                             000046
102021974950001161584870000003760                             82070109154      000                        1421030306                              100206000000000860010400493000000000000240655100030306              0000000000000000000000000000000000000000000000008961000000000036100000000000001030306                         0000000000000000000000000                                             000047
102021974950001161584870000003760                             82070112163      000                        1421030306                              100306000000000860023731906000000000000270663101060306              0000000000000000000000000000000000000000000000008600000000000000000000000000001060306                         0000000000000000000000000                                             000048
102021974950001161584870000003760                             82070208152      000                        1421030306                              100206000000000860010400485000000000000125647101060306              0000000000000000000000000000000000000000000000008944000000000034400000000000001060306                         0000000000000000000000000                                             000049
102021974950001161584870000003760                             82070221159      000                        1421030306                              100206000000000860010409440000000000000125647101060306              0000000000000000000000000000000000000000000000008961000000000036100000000000001060306                         0000000000000000000000000                                             000050
102021974950001161584870000003760                             82070228153      000                        1421030306                              100206000000000860010400450000000000000125647101060306              0000000000000000000000000000000000000000000000008952000000000035200000000000001060306                         0000000000000000000000000                                             000051
102021974950001161584870000003760                             82070229150      000                        1421030306                              100206000000000860010400450000000000000240655100030306              0000000000000000000000000000000000000000000000008952000000000035200000000000001030306                         0000000000000000000000000                                             000052
102021974950001161584870000003760                             82070313150      000                        1421030306                              150206000000000860010400450000000000000125647101060306              0000000000000000000000000000000000000000000000008916000000000031600000000000001060306                         0000000000000000000000000                                             000053
102021974950001161584870000003760                             82070316141      000                        1421030306                              150106000000000860010409172000000000000125647101060306              0000000000000000000000000000000000000000000000009176000000000057600000000000001060306                         0000000000000000000000000                                             000054
102021974950001161584870000003760                             82070319167      000                        1421030306                              150306000000000860075641796000000000000270663101060306              0000000000000000000000000000000000000000000000008600000000000000000000000000001060306                         0000000000000000000000000                                             000055
102021974950001161584870000003760                             82070320165      000                        1421030306                              150306000000000860023712326000000000000270663101060306              0000000000000000000000000000000000000000000000008600000000000000000000000000001060306                         0000000000000000000000000                                             000056
102021974950001161584870000003760                             82070413155      000                        1421030306                              150206000000000860010400450000000000000125647101060306              0000000000000000000000000000000000000000000000008910000000000031000000000000001060306                         0000000000000000000000000                                             000057
102021974950001161584870000003760                             82070414143      000                        1421030306                              150106000000000860010409440000000000000240655100030306              0000000000000000000000000000000000000000000000009195000000000059500000000000001030306                         0000000000000000000000000                                             000058
102021974950001161584870000003760                             82070414151      000                        1421030306                              150206000000000860010409440000000000000240655100030306              0000000000000000000000000000000000000000000000008916000000000031600000000000001030306                         0000000000000000000000000                                             000059
102021974950001161584870000003760                             82070521160      000                        1421030306                              000000000000000860039928996000000000000270663101060306              0000000000000000000000000000000000000000000000008600000000000000000000000000001060306                         0000000000000000000000000                                             000060
102021974950001161584870000003760                             82090125163      000                        1421030306                              100306000000000750006500016000000000000270663101060306              0000000000000000000000000000000000000000000000007500000000000000000000000000001060306                         0000000000000000000000000                                             000061
102021974950001161584870000003760                             82090326169      000                        1421030306                              100306000000000750075641796000000000000270663101060306              0000000000000000000000000000000000000000000000007500000000000000000000000000001060306                         0000000000000000000000000                                             000062
102021974950001161584870000003760                             82090504148      000                        1421030306                              100106000000000375010408770000000000000240655100030306              0000000000000000000000000000000000000000000000004020000000000027000000000000001030306                         0000000000000000000000000                                             000063
102021974950001161584870000003760                             82090504156      000                        1421030306                              100206000000000375010408770000000000000240655100030306              0000000000000000000000000000000000000000000000003904000000000015400000000000001030306                         0000000000000000000000000                                             000064
102021974950001161584870000003760                             82090525161      000                        1421030306                              100306000000000375010408770000000000000125647101060306              0000000000000000000000000000000000000000000000003750000000000000000000000000001060306                         0000000000000000000000000                                             000065
102021974950001161584870000003760                             82090617163      000                        1421030306                              100306000000000375006500016000000000000270663101060306              0000000000000000000000000000000000000000000000003750000000000000000000000000001060306                         0000000000000000000000000                                             000066
102021974950001161584870000003760                             82090732167      000                        1421030306                              100306000000000750075641796000000000000270663101060306              0000000000000000000000000000000000000000000000007500000000000000000000000000001060306                         0000000000000000000000000                                             000067
102021974950001161584870000003760                             82090928169      000                        1421030306                              100306000000000375010408770000000000000125647101060306              0000000000000000000000000000000000000000000000003750000000000000000000000000001060306                         0000000000000000000000000                                             000068
102021974950001161584870000003760                             82090932166      000                        1421030306                              100306000000017625000122576000000000000270663101060306              0000000000000000000000000000000000000000000000176250000000000000000000000000001060306                         0000000000000000000000000                                             000069
102021974950001161584870000003760                             82091015167      000                        1421030306                              100306000000000375010408770000000000000125647101060306              0000000000000000000000000000000000000000000000003750000000000000000000000000001060306                         0000000000000000000000000                                             000070
102021974950001161584870000003760                             82091214151      000                        1421030306                              100206000000000750010400540000000000000125647101060306              0000000000000000000000000000000000000000000000007797000000000029700000000000001060306                         0000000000000000000000000                                             000071
102021974950001161584870000003760                             82110206147      000                        1421030306                              100206000000000450010407765000000000000125647101060306              0000000000000000000000000000000000000000000000004674000000000017400000000000001060306                         0000000000000000000000000                                             000072
102021974950001161584870000003760                             82110206155      000                        1421030306                              100306000000000450010407765000000000000125647101060306              0000000000000000000000000000000000000000000000004500000000000000000000000000001060306                         0000000000000000000000000                                             000073
102021974950001161584870000003760                             82110227144      000                        1421030306                              100306000000000450006500016000000000000270663101060306              0000000000000000000000000000000000000000000000004500000000000000000000000000001060306                         0000000000000000000000000                                             000074
102021974950001161584870000003760                             82110320136      000                        1421030306                              100106000000000860010407765000000000000240655100030306              0000000000000000000000000000000000000000000000008823000000000022300000000000001030306                         0000000000000000000000000                                             000075
102021974950001161584870000003760                             82110330131      000                        1421030306                              100106000000000860010407765000000000000240655100030306              0000000000000000000000000000000000000000000000009240000000000064000000000000001030306                         0000000000000000000000000                                             000076
102021974950001161584870000003760                             82110410143      000                        1421030306                              200206000000000750010408125000000000000125647101060306              0000000000000000000000000000000000000000000000007727000000000022700000000000001060306                         0000000000000000000000000                                             000077
102021974950001161584870000003760                             82130103173      000                        1421030306                              100306000000000860010409148000000000000125647101060306              0000000000000000000000000000000000000000000000008600000000000000000000000000001060306                         0000000000000000000000000                                             000078
102021974950001161584870000003760                             82130104170      000                        1421030306                              100306000000000860010409148000000000000125647101060306              0000000000000000000000000000000000000000000000008600000000000000000000000000001060306                         0000000000000000000000000                                             000079
102021974950001161584870000003760                             82130312171      000                        1421030306                              100306000000000860010409148000000000000125647101060306              0000000000000000000000000000000000000000000000008600000000000000000000000000001060306                         0000000000000000000000000                                             000080
9201104                                                                                                                                                                                                                                                                                                                                                                                                   000081
