02RETORNO01COBRANCA       1584870000003760    IPAD                          104C ECON FEDERAL 030406                                                                                                                                                                                                                                                                                                 00175000001
102021974950001161584870000003760                             82000032691      000                        1421030406                              050306000000000860010430171000000000000125647101040406              0000000000000000000000000000000000000000000000009021000000000042100000000000001040406                         0000000000000000000000000                                             000002
102021974950001161584870000003760                             82000032705      000                        1421030406                              050306000000000860010430171000000000000125647101040406              0000000000000000000000000000000000000000000000009021000000000042100000000000001040406                         0000000000000000000000000                                             000003
102021974950001161584870000003760                             82000032713      000                        1421030406                              050306000000000860010430171000000000000125647101040406              0000000000000000000000000000000000000000000000009021000000000042100000000000001040406                         0000000000000000000000000                                             000004
102021974950001161584870000003760                             82000035577      000                        1421030406                              100306000000000750010407765000000000000125647101040406              0000000000000000000000000000000000000000000000007840000000000034000000000000001040406                         0000000000000000000000000                                             000005
102021974950001161584870000003760                             82010122162      000                        1421030406                              100406000000000750010414338000000000000125647101040406              0000000000000000000000000000000000000000000000007500000000000000000000000000001040406                         0000000000000000000000000                                             000006
102021974950001161584870000003760                             82010209160      000                        1421030406                              100406000000000420006500016000000000000270663101040406              0000000000000000000000000000000000000000000000004200000000000000000000000000001040406                         0000000000000000000000000                                             000007
102021974950001161584870000003760                             82030115153      000                        1421030406                              100306000000000750010424465000000000000125647101040406              0000000000000000000000000000000000000000000000007818000000000031800000000000001040406                         0000000000000000000000000                                             000008
102021974950001161584870000003760                             82030116168      000                        1421030406                              100406000000000750010424465000000000000125647101040406              0000000000000000000000000000000000000000000000007500000000000000000000000000001040406                         0000000000000000000000000                                             000009
102021974950001161584870000003760                             82030125167      000                        1421030406                              100406000000000750010424465000000000000125647101040406              0000000000000000000000000000000000000000000000007500000000000000000000000000001040406                         0000000000000000000000000                                             000010
102021974950001161584870000003760                             82030133160      000                        1421030406                              100406000000000750010424465000000000000240655100030406              0000000000000000000000000000000000000000000000007500000000000000000000000000001030406                         0000000000000000000000000                                             000011
102021974950001161584870000003760                             82040110170      000                        1421030406                              100406000000000430075641796000000000000270663101040406              0000000000000000000000000000000000000000000000004300000000000000000000000000001040406                         0000000000000000000000000                                             000012
102021974950001161584870000003760                             82040111177      000                        1421030406                              100406000000000430075641796000000000000270663101040406              0000000000000000000000000000000000000000000000004300000000000000000000000000001040406                         0000000000000000000000000                                             000013
102021974950001161584870000003760                             82040116179      000                        1421030406                              100406000000000860006500016000000000000270663101040406              0000000000000000000000000000000000000000000000008600000000000000000000000000001040406                         0000000000000000000000000                                             000014
102021974950001161584870000003760                             82040125178      000                        1421030406                              100406000000000860006500016000000000000270663101040406              0000000000000000000000000000000000000000000000008600000000000000000000000000001040406                         0000000000000000000000000                                             000015
102021974950001161584870000003760                             82040133170      000                        1421030406                              100406000000000860010409156000000000000125647101040406              0000000000000000000000000000000000000000000000008600000000000000000000000000001040406                         0000000000000000000000000                                             000016
102021974950001161584870000003760                             82040203179      000                        1421030406                              100406000000000430010400523000000000000125647101040406              0000000000000000000000000000000000000000000000004300000000000000000000000000001040406                         0000000000000000000000000                                             000017
102021974950001161584870000003760                             82040205171      000                        1421030406                              100406000000000430075641796000000000000270663101040406              0000000000000000000000000000000000000000000000004300000000000000000000000000001040406                         0000000000000000000000000                                             000018
102021974950001161584870000003760                             82040216173      000                        1421030406                              100406000000000860010400523000000000000125647101040406              0000000000000000000000000000000000000000000000008600000000000000000000000000001040406                         0000000000000000000000000                                             000019
102021974950001161584870000003760                             82040230176      000                        1421030406                              100406000000000430006500016000000000000270663101040406              0000000000000000000000000000000000000000000000004300000000000000000000000000001040406                         0000000000000000000000000                                             000020
102021974950001161584870000003760                             82040235178      000                        1421030406                              100406000000000430010400523000000000000125647101040406              0000000000000000000000000000000000000000000000004300000000000000000000000000001040406                         0000000000000000000000000                                             000021
102021974950001161584870000003760                             82040325169      000                        1421030406                              100306000000000360010400523000000000000125647101040406              0000000000000000000000000000000000000000000000003768000000000016800000000000001040406                         0000000000000000000000000                                             000022
102021974950001161584870000003760                             82050117178      000                        1421030406                              100406000000000400010400531000000000000125647101040406              0000000000000000000000000000000000000000000000004000000000000000000000000000001040406                         0000000000000000000000000                                             000023
102021974950001161584870000003760                             82050228174      000                        1421030406                              100406000000000400006500016000000000000270663101040406              0000000000000000000000000000000000000000000000004000000000000000000000000000001040406                         0000000000000000000000000                                             000024
102021974950001161584870000003760                             82050236177      000                        1421030406                              100406000000000400006500016000000000000270663101040406              0000000000000000000000000000000000000000000000004000000000000000000000000000001040406                         0000000000000000000000000                                             000025
102021974950001161584870000003760                             82050315166      000                        1421030406                              100306000000000860010427782000000000000125647101040406              0000000000000000000000000000000000000000000000008961000000000036100000000000001040406                         0000000000000000000000000                                             000026
102021974950001161584870000003760                             82060206157      000                        1421030406                              100306000000000860010421911000000000000125647101040406              0000000000000000000000000000000000000000000000008978000000000037800000000000001040406                         0000000000000000000000000                                             000027
102021974950001161584870000003760                             82060224163      000                        1421030406                              100406000000000860010421911000000000000125647101040406              0000000000000000000000000000000000000000000000008600000000000000000000000000001040406                         0000000000000000000000000                                             000028
102021974950001161584870000003760                             82060238148      000                        1421030406                              100206000000000860010421911000000000000125647101040406              0000000000000000000000000000000000000000000000009172000000000057200000000000001040406                         0000000000000000000000000                                             000029
102021974950001161584870000003760                             82070112171      000                        1421030406                              100406000000000860010410286000000000000125647101040406              0000000000000000000000000000000000000000000000008600000000000000000000000000001040406                         0000000000000000000000000                                             000030
102021974950001161584870000003760                             82070123173      000                        1421030406                              100406000000000860010410286000000000000125647101040406              0000000000000000000000000000000000000000000000008600000000000000000000000000001040406                         0000000000000000000000000                                             000031
102021974950001161584870000003760                             82070127179      000                        1421030406                              000000000000000860039928996000000000000270663101040406              0000000000000000000000000000000000000000000000008600000000000000000000000000001040406                         0000000000000000000000000                                             000032
102021974950001161584870000003760                             82070217178      000                        1421030406                              100406000000000860006500016000000000000270663101040406              0000000000000000000000000000000000000000000000008600000000000000000000000000001040406                         0000000000000000000000000                                             000033
102021974950001161584870000003760                             82070220160      000                        1421030406                              100306000000000860010409440000000000000125647101040406              0000000000000000000000000000000000000000000000008978000000000037800000000000001040406                         0000000000000000000000000                                             000034
102021974950001161584870000003760                             82070231170      000                        1421030406                              100406000000000860006500016000000000000270663101040406              0000000000000000000000000000000000000000000000008600000000000000000000000000001040406                         0000000000000000000000000                                             000035
102021974950001161584870000003760                             82070316150      000                        1421030406                              150206000000000860010409172000000000000125647101040406              0000000000000000000000000000000000000000000000009148000000000054800000000000001040406                         0000000000000000000000000                                             000036
102021974950001161584870000003760                             82090130175      000                        1421030406                              100406000000000750000123356000000000000270663101040406              0000000000000000000000000000000000000000000000007500000000000000000000000000001040406                         0000000000000000000000000                                             000037
102021974950001161584870000003760                             82090217165      000                        1421030406                              100306000000000750010400540000000000000125647101040406              0000000000000000000000000000000000000000000000007818000000000031800000000000001040406                         0000000000000000000000000                                             000038
102021974950001161584870000003760                             82090712131      000                        1421030406                              310306000000000750010408770000000000000125647101040406              0000000000000000000000000000000000000000000000007671000000000017100000000000001040406                         0000000000000000000000000                                             000039
102021974950001161584870000003760                             82090716170      000                        1421030406                              100406000000000750075641796000000000000270663101040406              0000000000000000000000000000000000000000000000007500000000000000000000000000001040406                         0000000000000000000000000                                             000040
102021974950001161584870000003760                             82090804168      000                        1421030406                              100506000000000450006500016000000000000270663101040406              0000000000000000000000000000000000000000000000004500000000000000000000000000001040406                         0000000000000000000000000                                             000041
102021974950001161584870000003760                             82090810150      000                        1421030406                              100406000000000450010408770000000000000125647101040406              0000000000000000000000000000000000000000000000004500000000000000000000000000001040406                         0000000000000000000000000                                             000042
102021974950001161584870000003760                             82090827141      000                        1421030406                              100306000000000450010408770000000000000125647101040406              0000000000000000000000000000000000000000000000004500000000000000000000000000001040406                         0000000000000000000000000                                             000043
102021974950001161584870000003760                             82090831157      000                        1421030406                              100406000000000450010408770000000000000125647101040406              0000000000000000000000000000000000000000000000004500000000000000000000000000001040406                         0000000000000000000000000                                             000044
102021974950001161584870000003760                             82090835144      000                        1421030406                              100306000000000450010408770000000000000125647101040406              0000000000000000000000000000000000000000000000004614000000000011400000000000001040406                         0000000000000000000000000                                             000045
102021974950001161584870000003760                             82090918171      000                        1421030406                              100406000000000750010408770000000000000125647101040406              0000000000000000000000000000000000000000000000007500000000000000000000000000001040406                         0000000000000000000000000                                             000046
102021974950001161584870000003760                             82090923175      000                        1421030406                              100406000000000750010408770000000000000125647101040406              0000000000000000000000000000000000000000000000007500000000000000000000000000001040406                         0000000000000000000000000                                             000047
102021974950001161584870000003760                             82091029176      000                        1421030406                              100406000000000375010408770000000000000125647101040406              0000000000000000000000000000000000000000000000003750000000000000000000000000001040406                         0000000000000000000000000                                             000048
102021974950001161584870000003760                             82091218165      000                        1421030406                              100306000000000750010400540000000000000125647101040406              0000000000000000000000000000000000000000000000007804000000000030400000000000001040406                         0000000000000000000000000                                             000049
102021974950001161584870000003760                             82110124159      000                        1421030406                              100306000000000750010407765000000000000125647101040406              0000000000000000000000000000000000000000000000007890000000000039000000000000001040406                         0000000000000000000000000                                             000050
102021974950001161584870000003760                             82110227152      000                        1421030406                              100406000000000450006500016000000000000270663101040406              0000000000000000000000000000000000000000000000004500000000000000000000000000001040406                         0000000000000000000000000                                             000051
102021974950001161584870000003760                             82120117163      000                        1421030406                              100306000000000650010421245000000000000125647101040406              0000000000000000000000000000000000000000000000006765000000000026500000000000001040406                         0000000000000000000000000                                             000052
102021974950001161584870000003760                             82120135161      000                        1421030406                              100306000000000650010421245000000000000125647101040406              0000000000000000000000000000000000000000000000006765000000000026500000000000001040406                         0000000000000000000000000                                             000053
9201104                                                                                                                                                                                                                                                                                                                                                                                                   000054
