02RETORNO01COBRANCA       1584870000003760    IPAD                          104C ECON FEDERAL 010207                                                                                                                                                                                                                                                                                                 00382000001
102021974950001161584870000003760                             82030556176      000                        1421010207                              150107000000000760010409148000000000000125647101020207              0000000000000000000000000000000000000000000000007764000000000016400000000000001020207                         0000000000000000000000000                                             000002
102021974950001161584870000003760                             82030915176      000                        1421010207                              100107000000000760010407757000000000000125647101020207              0000000000000000000000000000000000000000000000007911000000000031100000000000001020207                         0000000000000000000000000                                             000003
102021974950001161584870000003760                             82031002123      000                        1421010207                              300107000000000760010409148000000000000125647101020207              0000000000000000000000000000000000000000000000007753000000000015300000000000001020207                         0000000000000000000000000                                             000004
102021974950001161584870000003760                             82031009128      000                        1421010207                              300107000000000760010400523000000000000125647101020207              0000000000000000000000000000000000000000000000007755000000000015500000000000001020207                         0000000000000000000000000                                             000005
102021974950001161584870000003760                             82060415147      000                        1421010207                              101006000000000760010408761000000000000240655100010207              0000000000000000000000000000000000000000000000008620000000000102000000000000001010207                         0000000000000000000000000                                             000006
102021974950001161584870000003760                             82061014120      000                        1421010207                              150107000000000760010400540000000000000125647101020207              0000000000000000000000000000000000000000000000007881000000000028100000000000001020207                         0000000000000000000000000                                             000007
102021974950001161584870000003760                             82070720171      000                        1421010207                              200107000000000760010405592000000000000125647101020207              0000000000000000000000000000000000000000000000007843000000000024300000000000001020207                         0000000000000000000000000                                             000008
102021974950001161584870000003760                             82071407124      000                        1421010207                              310107000000000760010421245000000000000125647101020207              0000000000000000000000000000000000000000000000007759000000000015900000000000001020207                         0000000000000000000000000                                             000009
102021974950001161584870000003760                             82110811172      000                        1421010207                              200107000000000750010407765000000000000125647101020207              0000000000000000000000000000000000000000000000007746000000000024600000000000001020207                         0000000000000000000000000                                             000010
9201104                                                                                                                                                                                                                                                                                                                                                                                                   000011
