02RETORNO01COBRANCA       1584870000003760    IPAD                          104C ECON FEDERAL 041206                                                                                                                                                                                                                                                                                                 00342000001
102021974950001161584870000003760                             82000050118      000                        1421041206                              000000000000000760039928996000000000000270663101051206              0000000000000000000000000000000000000000000000007600000000000000000000000000001051206                         0000000000000000000000000                                             000002
102021974950001161584870000003760                             82000050762      000                        1421041206                              101206000000000760023702866000000000000270663101051206              0000000000000000000000000000000000000000000000007600000000000000000000000000001051206                         0000000000000000000000000                                             000003
102021974950001161584870000003760                             82030202170      000                        1421041206                              101206000000000760010409156000000000000125647101051206              0000000000000000000000000000000000000000000000007600000000000000000000000000001051206                         0000000000000000000000000                                             000004
102021974950001161584870000003760                             82030205152      000                        1421041206                              051206000000000760010409156000000000000125647101051206              0000000000000000000000000000000000000000000000007600000000000000000000000000001051206                         0000000000000000000000000                                             000005
102021974950001161584870000003760                             82030205160      000                        1421041206                              051206000000000760010409156000000000000125647101051206              0000000000000000000000000000000000000000000000007600000000000000000000000000001051206                         0000000000000000000000000                                             000006
102021974950001161584870000003760                             82030205179      000                        1421041206                              101206000000000760010409156000000000000125647101051206              0000000000000000000000000000000000000000000000007600000000000000000000000000001051206                         0000000000000000000000000                                             000007
102021974950001161584870000003760                             82030227172      000                        1421041206                              101206000000000760010409156000000000000125647101051206              0000000000000000000000000000000000000000000000007600000000000000000000000000001051206                         0000000000000000000000000                                             000008
102021974950001161584870000003760                             82030519165      000                        1421041206                              151206000000000760010409148000000000000125620101051206              0000000000000000000000000000000000000000000000007600000000000000000000000000001051206                         0000000000000000000000000                                             000009
102021974950001161584870000003760                             82030711155      000                        1421041206                              000000000000000760039928996000000000000270663101051206              0000000000000000000000000000000000000000000000007600000000000000000000000000001051206                         0000000000000000000000000                                             000010
102021974950001161584870000003760                             82030719156      000                        1421041206                              000000000000000760039928996000000000000270663101051206              0000000000000000000000000000000000000000000000007600000000000000000000000000001051206                         0000000000000000000000000                                             000011
102021974950001161584870000003760                             82030907165      000                        1421041206                              101206000000000760010407757000000000000125647101051206              0000000000000000000000000000000000000000000000007600000000000000000000000000001051206                         0000000000000000000000000                                             000012
102021974950001161584870000003760                             82030909133      000                        1421041206                              100906000000000760010407757000000000000125647101051206              0000000000000000000000000000000000000000000000008398000000000079800000000000001051206                         0000000000000000000000000                                             000013
102021974950001161584870000003760                             82030909141      000                        1421041206                              101006000000000760010407757000000000000125647101051206              0000000000000000000000000000000000000000000000008170000000000057000000000000001051206                         0000000000000000000000000                                             000014
102021974950001161584870000003760                             82030909150      000                        1421041206                              101106000000000760010407757000000000000125647101051206              0000000000000000000000000000000000000000000000007934000000000033400000000000001051206                         0000000000000000000000000                                             000015
102021974950001161584870000003760                             82030915150      000                        1421041206                              101106000000000760010407757000000000000125647101051206              0000000000000000000000000000000000000000000000007934000000000033400000000000001051206                         0000000000000000000000000                                             000016
102021974950001161584870000003760                             82060506142      000                        1421041206                              101006000000000760010409237000000000000125647101051206              0000000000000000000000000000000000000000000000008170000000000057000000000000001051206                         0000000000000000000000000                                             000017
102021974950001161584870000003760                             82060506150      000                        1421041206                              101106000000000760010409237000000000000125647101051206              0000000000000000000000000000000000000000000000007935000000000033500000000000001051206                         0000000000000000000000000                                             000018
102021974950001161584870000003760                             82060909166      000                        1421041206                              101206000000000760075641796000000000000270663101051206              0000000000000000000000000000000000000000000000007600000000000000000000000000001051206                         0000000000000000000000000                                             000019
102021974950001161584870000003760                             82060916111      000                        1421041206                              051206000000000760075641796000000000000270663101051206              0000000000000000000000000000000000000000000000007600000000000000000000000000001051206                         0000000000000000000000000                                             000020
102021974950001161584870000003760                             82060916120      000                        1421041206                              051206000000000760075641796000000000000270663101051206              0000000000000000000000000000000000000000000000007600000000000000000000000000001051206                         0000000000000000000000000                                             000021
102021974950001161584870000003760                             82060916154      000                        1421041206                              051206000000000760075641796000000000000270663101051206              0000000000000000000000000000000000000000000000007600000000000000000000000000001051206                         0000000000000000000000000                                             000022
102021974950001161584870000003760                             82060926125      000                        1421041206                              100806000000000760010400477000000000000125647101051206              0000000000000000000000000000000000000000000000008694000000000109400000000000001051206                         0000000000000000000000000                                             000023
102021974950001161584870000003760                             82070601156      000                        1421041206                              251006000000000760010405592000000000000125647101051206              0000000000000000000000000000000000000000000000008056000000000045600000000000001051206                         0000000000000000000000000                                             000024
102021974950001161584870000003760                             82070601164      000                        1421041206                              201106000000000760010405592000000000000125647101051206              0000000000000000000000000000000000000000000000007858000000000025800000000000001051206                         0000000000000000000000000                                             000025
102021974950001161584870000003760                             82070728164      000                        1421041206                              201206000000000760006500016000000000000270663101051206              0000000000000000000000000000000000000000000000007600000000000000000000000000001051206                         0000000000000000000000000                                             000026
102021974950001161584870000003760                             82071205165      000                        1421041206                              101206000000000760010400469000000000000125647101051206              0000000000000000000000000000000000000000000000007600000000000000000000000000001051206                         0000000000000000000000000                                             000027
102021974950001161584870000003760                             82071233142      000                        1421041206                              101006000000000760010400485000000000000125647101051206              0000000000000000000000000000000000000000000000008137000000000053700000000000001051206                         0000000000000000000000000                                             000028
102021974950001161584870000003760                             82071323117      000                        1421041206                              101106000000000760010421245000000000000125647101051206              0000000000000000000000000000000000000000000000007640000000000004000000000000001051206                         0000000000000000000000000                                             000029
102021974950001161584870000003760                             82110725179      000                        1421041206                              301206000000000750010407765000000000000125647101051206              0000000000000000000000000000000000000000000000007500000000000000000000000000001051206                         0000000000000000000000000                                             000030
102021974950001161584870000003760                             82110815178      000                        1421041206                              201006000000000750010408125000000000000125647101051206              0000000000000000000000000000000000000000000000007782000000000028200000000000001051206                         0000000000000000000000000                                             000031
102021974950001161584870000003760                             82130429133      000                        1421041206                              101206000000000760010409148000000000000125647101051206              0000000000000000000000000000000000000000000000007600000000000000000000000000001051206                         0000000000000000000000000                                             000032
9201104                                                                                                                                                                                                                                                                                                                                                                                                   000033
