02RETORNO01COBRANCA       1584870000003760    IPAD                          104C ECON FEDERAL 040506                                                                                                                                                                                                                                                                                                 00195000001
102021974950001161584870000003760                             82000040589      000                        1421040506                              000000000000000760000127026000000000000270663101050506              0000000000000000000000000000000000000000000000007600000000000000000000000000001050506                         0000000000000000000000000                                             000002
102021974950001161584870000003760                             82000040597      000                        1421040506                              000000000000000760010409148000000000000125620101050506              0000000000000000000000000000000000000000000000007600000000000000000000000000001050506                         0000000000000000000000000                                             000003
102021974950001161584870000003760                             82000040732      000                        1421040506                              000000000000000760000127026000000000000270663101050506              0000000000000000000000000000000000000000000000007600000000000000000000000000001050506                         0000000000000000000000000                                             000004
102021974950001161584870000003760                             82000042700      000                        1421040506                              000000000000000760010415822000000000000125647101050506              0000000000000000000000000000000000000000000000007600000000000000000000000000001050506                         0000000000000000000000000                                             000005
102021974950001161584870000003760                             82010121174      000                        1421040506                              100506000000000750010414338000000000000125647101050506              0000000000000000000000000000000000000000000000007500000000000000000000000000001050506                         0000000000000000000000000                                             000006
102021974950001161584870000003760                             82010122170      000                        1421040506                              100506000000000750010414338000000000000125647101050506              0000000000000000000000000000000000000000000000007500000000000000000000000000001050506                         0000000000000000000000000                                             000007
102021974950001161584870000003760                             82010215179      000                        1421040506                              100506000000000750010414338000000000000125620101050506              0000000000000000000000000000000000000000000000007500000000000000000000000000001050506                         0000000000000000000000000                                             000008
102021974950001161584870000003760                             82010216175      000                        1421040506                              100506000000000750010414338000000000000125620101050506              0000000000000000000000000000000000000000000000007500000000000000000000000000001050506                         0000000000000000000000000                                             000009
102021974950001161584870000003760                             82030113177      000                        1421040506                              100506000000000750010424465000000000000125647101050506              0000000000000000000000000000000000000000000000007500000000000000000000000000001050506                         0000000000000000000000000                                             000010
102021974950001161584870000003760                             82030124179      000                        1421040506                              100506000000000750010424465000000000000125647101050506              0000000000000000000000000000000000000000000000007500000000000000000000000000001050506                         0000000000000000000000000                                             000011
102021974950001161584870000003760                             82030135170      000                        1421040506                              100506000000000750010424465000000000000125647101050506              0000000000000000000000000000000000000000000000007500000000000000000000000000001050506                         0000000000000000000000000                                             000012
102021974950001161584870000003760                             82030309128      000                        1421040506                              300406000000000860010409156000000000000125647101050506              0000000000000000000000000000000000000000000000008804000000000020400000000000001050506                         0000000000000000000000000                                             000013
102021974950001161584870000003760                             82030311122      000                        1421040506                              300406000000000860010409156000000000000125647101050506              0000000000000000000000000000000000000000000000008804000000000020400000000000001050506                         0000000000000000000000000                                             000014
102021974950001161584870000003760                             82030321128      000                        1421040506                              300406000000000860010409156000000000000125647101050506              0000000000000000000000000000000000000000000000008804000000000020400000000000001050506                         0000000000000000000000000                                             000015
102021974950001161584870000003760                             82040508174      000                        1421040506                              100406000000000860010400523000000000000125647101050506              0000000000000000000000000000000000000000000000008964000000000036400000000000001050506                         0000000000000000000000000                                             000016
102021974950001161584870000003760                             82050311179      000                        1421040506                              100406000000000860010427782000000000000125647101050506              0000000000000000000000000000000000000000000000008978000000000037800000000000001050506                         0000000000000000000000000                                             000017
102021974950001161584870000003760                             82060323161      000                        1421040506                              150406000000000860010408761000000000000125647101050506              0000000000000000000000000000000000000000000000008935000000000033500000000000001050506                         0000000000000000000000000                                             000018
102021974950001161584870000003760                             82060325164      000                        1421040506                              150406000000000860010408761000000000000125647101050506              0000000000000000000000000000000000000000000000008935000000000033500000000000001050506                         0000000000000000000000000                                             000019
102021974950001161584870000003760                             82070109170      000                        1421040506                              100406000000000860010400493000000000000125647101050506              0000000000000000000000000000000000000000000000008978000000000037800000000000001050506                         0000000000000000000000000                                             000020
102021974950001161584870000003760                             82070507168      000                        1421040506                              150306000000000860010406513000000000000125647101050506              0000000000000000000000000000000000000000000000009172000000000057200000000000001050506                         0000000000000000000000000                                             000021
102021974950001161584870000003760                             82090217173      000                        1421040506                              100406000000000750010400540000000000000125647101050506              0000000000000000000000000000000000000000000000007725000000000022500000000000001050506                         0000000000000000000000000                                             000022
102021974950001161584870000003760                             82090304173      000                        1421040506                              100406000000000750010407749000000000000125647101050506              0000000000000000000000000000000000000000000000007818000000000031800000000000001050506                         0000000000000000000000000                                             000023
102021974950001161584870000003760                             82090508135      000                        1421040506                              101205000000000375010408770000000000000240655100040506              0000000000000000000000000000000000000000000000004397000000000064700000000000001040506                         0000000000000000000000000                                             000024
102021974950001161584870000003760                             82090508143      000                        1421040506                              100106000000000375010408770000000000000240655100040506              0000000000000000000000000000000000000000000000004277000000000052700000000000001040506                         0000000000000000000000000                                             000025
102021974950001161584870000003760                             82090508151      000                        1421040506                              100206000000000375010408770000000000000240655100040506              0000000000000000000000000000000000000000000000004165000000000041500000000000001040506                         0000000000000000000000000                                             000026
102021974950001161584870000003760                             82090508160      000                        1421040506                              100306000000000375010408770000000000000240655100040506              0000000000000000000000000000000000000000000000004049000000000029900000000000001040506                         0000000000000000000000000                                             000027
102021974950001161584870000003760                             82090508178      000                        1421040506                              100406000000000375010408770000000000000240655100040506              0000000000000000000000000000000000000000000000003929000000000017900000000000001040506                         0000000000000000000000000                                             000028
102021974950001161584870000003760                             82091217169      000                        1421040506                              100306000000000750010400540000000000000125647101050506              0000000000000000000000000000000000000000000000008035000000000053500000000000001050506                         0000000000000000000000000                                             000029
102021974950001161584870000003760                             82110107173      000                        1421040506                              100506000000000750010407765000000000000125647101050506              0000000000000000000000000000000000000000000000007500000000000000000000000000001050506                         0000000000000000000000000                                             000030
102021974950001161584870000003760                             82110108170      000                        1421040506                              100506000000000750010407765000000000000125647101050506              0000000000000000000000000000000000000000000000007500000000000000000000000000001050506                         0000000000000000000000000                                             000031
102021974950001161584870000003760                             82110227160      000                        1421040506                              100506000000000450006500016000000000000270663101050506              0000000000000000000000000000000000000000000000004500000000000000000000000000001050506                         0000000000000000000000000                                             000032
102021974950001161584870000003760                             82110331170      000                        1421040506                              100506000000000860010407765000000000000125647101050506              0000000000000000000000000000000000000000000000008600000000000000000000000000001050506                         0000000000000000000000000                                             000033
102021974950001161584870000003760                             82120105173      000                        1421040506                              100406000000000650010421245000000000000125647101050506              0000000000000000000000000000000000000000000000006775000000000027500000000000001050506                         0000000000000000000000000                                             000034
102021974950001161584870000003760                             82120129170      000                        1421040506                              100406000000000650010421245000000000000125647101050506              0000000000000000000000000000000000000000000000006780000000000028000000000000001050506                         0000000000000000000000000                                             000035
9201104                                                                                                                                                                                                                                                                                                                                                                                                   000036
