02RETORNO01COBRANCA       1584870000003760    IPAD                          104C ECON FEDERAL 040107                                                                                                                                                                                                                                                                                                 00362000001
102021974950001161584870000003760                             82030509160      000                        1421040107                              151206000000000760010409156000000000000240655100040107              0000000000000000000000000000000000000000000000007904000000000030400000000000001040107                         0000000000000000000000000                                             000002
102021974950001161584870000003760                             82030553177      000                        1421040107                              150107000000000760000127026000000000000270663101050107              0000000000000000000000000000000000000000000000007600000000000000000000000000001050107                         0000000000000000000000000                                             000003
102021974950001161584870000003760                             82060404170      000                        1421040107                              000000000000000760039928996000000000000270663101050107              0000000000000000000000000000000000000000000000007600000000000000000000000000001050107                         0000000000000000000000000                                             000004
102021974950001161584870000003760                             82060507173      000                        1421040107                              100107000000000760010410308000000000000125647101050107              0000000000000000000000000000000000000000000000007600000000000000000000000000001050107                         0000000000000000000000000                                             000005
102021974950001161584870000003760                             82060915174      000                        1421040107                              100107000000000760010430171000000000000125647101050107              0000000000000000000000000000000000000000000000007600000000000000000000000000001050107                         0000000000000000000000000                                             000006
102021974950001161584870000003760                             82070726170      000                        1421040107                              200107000000000760023712606000000000000270663101050107              0000000000000000000000000000000000000000000000007600000000000000000000000000001050107                         0000000000000000000000000                                             000007
102021974950001161584870000003760                             82071222175      000                        1421040107                              000000000000000760035606896000000000000270663101050107              0000000000000000000000000000000000000000000000007600000000000000000000000000001050107                         0000000000000000000000000                                             000008
102021974950001161584870000003760                             82110817170      000                        1421040107                              201206000000000750010407765000000000000125647101050107              0000000000000000000000000000000000000000000000007770000000000027000000000000001050107                         0000000000000000000000000                                             000009
102021974950001161584870000003760                             82111028137      000                        1421040107                              110107000000000760010407765000000000000125647101050107              0000000000000000000000000000000000000000000000007600000000000000000000000000001050107                         0000000000000000000000000                                             000010
9201104                                                                                                                                                                                                                                                                                                                                                                                                   000011
