02RETORNO01COBRANCA       1584870000003760    IPAD                          104C ECON FEDERAL 040906                                                                                                                                                                                                                                                                                                 00281000001
102021974950001161584870000003760                             82000048415      000                        1421040906                              000000000000000760000141966000000000000270663101050906              0000000000000000000000000000000000000000000000007600000000000000000000000000001050906                         0000000000000000000000000                                             000002
102021974950001161584870000003760                             82000048474      000                        1421040906                              000000000000000760010409148000000000000125620101050906              0000000000000000000000000000000000000000000000007600000000000000000000000000001050906                         0000000000000000000000000                                             000003
102021974950001161584870000003760                             82000048644      000                        1421040906                              000000000000000760000141966000000000000270663101050906              0000000000000000000000000000000000000000000000007600000000000000000000000000001050906                         0000000000000000000000000                                             000004
102021974950001161584870000003760                             82000048660      000                        1421040906                              000000000000000760010400523000000000000125647101050906              0000000000000000000000000000000000000000000000007600000000000000000000000000001050906                         0000000000000000000000000                                             000005
102021974950001161584870000003760                             82030229140      000                        1421040906                              000000000000000760039928996000000000000270663101050906              0000000000000000000000000000000000000000000000007600000000000000000000000000001050906                         0000000000000000000000000                                             000006
102021974950001161584870000003760                             82030315152      000                        1421040906                              300706000000000860010409156000000000000125647101050906              0000000000000000000000000000000000000000000000009036000000000043600000000000001050906                         0000000000000000000000000                                             000007
102021974950001161584870000003760                             82030332170      000                        1421040906                              300906000000000860010409156000000000000125647101050906              0000000000000000000000000000000000000000000000008600000000000000000000000000001050906                         0000000000000000000000000                                             000008
102021974950001161584870000003760                             82030421165      000                        1421040906                              100906000000000760010407757000000000000125647101050906              0000000000000000000000000000000000000000000000007600000000000000000000000000001050906                         0000000000000000000000000                                             000009
102021974950001161584870000003760                             82030509127      000                        1421040906                              150806000000000760010409156000000000000125647101050906              0000000000000000000000000000000000000000000000009272000000000167200000000000001050906                         0000000000000000000000000                                             000010
102021974950001161584870000003760                             82030553134      000                        1421040906                              150906000000000760000127026000000000000270663101050906              0000000000000000000000000000000000000000000000007600000000000000000000000000001050906                         0000000000000000000000000                                             000011
102021974950001161584870000003760                             82030902139      000                        1421040906                              100906000000000760010407757000000000000125647101050906              0000000000000000000000000000000000000000000000007600000000000000000000000000001050906                         0000000000000000000000000                                             000012
102021974950001161584870000003760                             82030907130      000                        1421040906                              100906000000000760010407757000000000000125647101050906              0000000000000000000000000000000000000000000000007600000000000000000000000000001050906                         0000000000000000000000000                                             000013
102021974950001161584870000003760                             82030907149      000                        1421040906                              101006000000000760010407757000000000000125647101050906              0000000000000000000000000000000000000000000000007600000000000000000000000000001050906                         0000000000000000000000000                                             000014
102021974950001161584870000003760                             82060935116      000                        1421040906                              100806000000000760010400450000000000000125647101050906              0000000000000000000000000000000000000000000000007936000000000033600000000000001050906                         0000000000000000000000000                                             000015
102021974950001161584870000003760                             82070722123      000                        1421040906                              200806000000000760010405592000000000000125647101050906              0000000000000000000000000000000000000000000000007866000000000026600000000000001050906                         0000000000000000000000000                                             000016
102021974950001161584870000003760                             82071201135      000                        1421040906                              100906000000000760023732066000000000000270663101050906              0000000000000000000000000000000000000000000000007600000000000000000000000000001050906                         0000000000000000000000000                                             000017
102021974950001161584870000003760                             82071228130      000                        1421040906                              100906000000000760010400485000000000000125647101050906              0000000000000000000000000000000000000000000000007600000000000000000000000000001050906                         0000000000000000000000000                                             000018
102021974950001161584870000003760                             82071231131      000                        1421040906                              100906000000000760006500016000000000000270663101050906              0000000000000000000000000000000000000000000000007600000000000000000000000000001050906                         0000000000000000000000000                                             000019
102021974950001161584870000003760                             82110120153      000                        1421040906                              250806000000000750010407765000000000000125647101050906              0000000000000000000000000000000000000000000000007750000000000025000000000000001050906                         0000000000000000000000000                                             000020
102021974950001161584870000003760                             82110120161      000                        1421040906                              250806000000000750010407765000000000000125647101050906              0000000000000000000000000000000000000000000000007750000000000025000000000000001050906                         0000000000000000000000000                                             000021
102021974950001161584870000003760                             82110635145      000                        1421040906                              200806000000000750010407765000000000000125647101050906              0000000000000000000000000000000000000000000000007740000000000024000000000000001050906                         0000000000000000000000000                                             000022
9201104                                                                                                                                                                                                                                                                                                                                                                                                   000023
