02RETORNO01COBRANCA       1584870000003760    IPAD                          104C ECON FEDERAL 051205                                                                                                                                                                                                                                                                                                 00093000001
102021974950001161584870000003760                             82040110138      000                        1421051205                              101205000000000430075641796000000000000270663101061205              0000000000000000000000000000000000000000000000004300000000000000000000000000001061205                         0000000000000000000000000                                             000002
102021974950001161584870000003760                             82040115130      000                        1421051205                              101205000000000430075641796000000000000270663101061205              0000000000000000000000000000000000000000000000004300000000000000000000000000001061205                         0000000000000000000000000                                             000003
102021974950001161584870000003760                             82040205139      000                        1421051205                              101205000000000430075641796000000000000270663101061205              0000000000000000000000000000000000000000000000004300000000000000000000000000001061205                         0000000000000000000000000                                             000004
102021974950001161584870000003760                             82040208138      000                        1421051205                              101205000000000430075641796000000000000270663101061205              0000000000000000000000000000000000000000000000004300000000000000000000000000001061205                         0000000000000000000000000                                             000005
102021974950001161584870000003760                             82040217137      000                        1421051205                              101205000000000430075641796000000000000270663101061205              0000000000000000000000000000000000000000000000004300000000000000000000000000001061205                         0000000000000000000000000                                             000006
102021974950001161584870000003760                             82040221134      000                        1421051205                              101205000000000430010400523000000000000125647101061205              0000000000000000000000000000000000000000000000004300000000000000000000000000001061205                         0000000000000000000000000                                             000007
102021974950001161584870000003760                             82040228139      000                        1421051205                              101205000000000430010400523000000000000125647101061205              0000000000000000000000000000000000000000000000004300000000000000000000000000001061205                         0000000000000000000000000                                             000008
102021974950001161584870000003760                             82040232136      000                        1421051205                              101205000000000430010400523000000000000125647101061205              0000000000000000000000000000000000000000000000004300000000000000000000000000001061205                         0000000000000000000000000                                             000009
102021974950001161584870000003760                             82040306130      000                        1421051205                              151205000000000360010400523000000000000125647101061205              0000000000000000000000000000000000000000000000003600000000000000000000000000001061205                         0000000000000000000000000                                             000010
102021974950001161584870000003760                             82040309120      000                        1421051205                              251105000000000360010400523000000000000125647101061205              0000000000000000000000000000000000000000000000003750000000000015000000000000001061205                         0000000000000000000000000                                             000011
102021974950001161584870000003760                             82040311133      000                        1421051205                              151205000000000360006500016000000000000270663101061205              0000000000000000000000000000000000000000000000003600000000000000000000000000001061205                         0000000000000000000000000                                             000012
102021974950001161584870000003760                             82040319134      000                        1421051205                              151205000000000360010400523000000000000125647101061205              0000000000000000000000000000000000000000000000003600000000000000000000000000001061205                         0000000000000000000000000                                             000013
102021974950001161584870000003760                             82040321120      000                        1421051205                              251105000000000360010400523000000000000125647101061205              0000000000000000000000000000000000000000000000003702000000000010200000000000001061205                         0000000000000000000000000                                             000014
102021974950001161584870000003760                             82040418132      000                        1421051205                              101205000000000860000123866000000000000270663101061205              0000000000000000000000000000000000000000000000008600000000000000000000000000001061205                         0000000000000000000000000                                             000015
102021974950001161584870000003760                             82040711131      000                        1421051205                              101205000000000860010409164000000000000125647101061205              0000000000000000000000000000000000000000000000008600000000000000000000000000001061205                         0000000000000000000000000                                             000016
102021974950001161584870000003760                             82040718136      000                        1421051205                              101205000000000860010409164000000000000125647101061205              0000000000000000000000000000000000000000000000008600000000000000000000000000001061205                         0000000000000000000000000                                             000017
102021974950001161584870000003760                             82050101131      000                        1421051205                              101205000000000400006500016000000000000270663101061205              0000000000000000000000000000000000000000000000004000000000000000000000000000001061205                         0000000000000000000000000                                             000018
102021974950001161584870000003760                             82050117135      000                        1421051205                              101205000000000400010400531000000000000125647101061205              0000000000000000000000000000000000000000000000004000000000000000000000000000001061205                         0000000000000000000000000                                             000019
102021974950001161584870000003760                             82050130131      000                        1421051205                              101205000000000400006500016000000000000270663101061205              0000000000000000000000000000000000000000000000004000000000000000000000000000001061205                         0000000000000000000000000                                             000020
102021974950001161584870000003760                             82050133130      000                        1421051205                              101205000000000400006500016000000000000270663101061205              0000000000000000000000000000000000000000000000004000000000000000000000000000001061205                         0000000000000000000000000                                             000021
102021974950001161584870000003760                             82050136130      000                        1421051205                              101205000000000400006500016000000000000270663101061205              0000000000000000000000000000000000000000000000004000000000000000000000000000001061205                         0000000000000000000000000                                             000022
102021974950001161584870000003760                             82050228131      000                        1421051205                              101205000000000400006500016000000000000270663101061205              0000000000000000000000000000000000000000000000004000000000000000000000000000001061205                         0000000000000000000000000                                             000023
102021974950001161584870000003760                             82050304130      000                        1421051205                              101205000000000860010427782000000000000125647101061205              0000000000000000000000000000000000000000000000008600000000000000000000000000001061205                         0000000000000000000000000                                             000024
102021974950001161584870000003760                             82050329132      000                        1421051205                              101205000000000860000116666000000000000270663101061205              0000000000000000000000000000000000000000000000008600000000000000000000000000001061205                         0000000000000000000000000                                             000025
102021974950001161584870000003760                             82050333130      000                        1421051205                              101205000000000860000116666000000000000270663101061205              0000000000000000000000000000000000000000000000008600000000000000000000000000001061205                         0000000000000000000000000                                             000026
102021974950001161584870000003760                             82060147142      000                        1421051205                              151205000000000860010430171000000000000125647101061205              0000000000000000000000000000000000000000000000008600000000000000000000000000001061205                         0000000000000000000000000                                             000027
102021974950001161584870000003760                             82070125133      000                        1421051205                              111205000000000860006500016000000000000270663101061205              0000000000000000000000000000000000000000000000008600000000000000000000000000001061205                         0000000000000000000000000                                             000028
102021974950001161584870000003760                             82070327127      000                        1421051205                              151105000000000860010412947000000000000125647101061205              0000000000000000000000000000000000000000000000008935000000000033500000000000001061205                         0000000000000000000000000                                             000029
102021974950001161584870000003760                             82090325138      000                        1421051205                              101205000000000750006500016000000000000270663101061205              0000000000000000000000000000000000000000000000007500000000000000000000000000001061205                         0000000000000000000000000                                             000030
102021974950001161584870000003760                             82090335133      000                        1421051205                              101205000000000750010400540000000000000125647101061205              0000000000000000000000000000000000000000000000007500000000000000000000000000001061205                         0000000000000000000000000                                             000031
102021974950001161584870000003760                             82090402132      000                        1421051205                              101205000000000750010400540000000000000125647101061205              0000000000000000000000000000000000000000000000007500000000000000000000000000001061205                         0000000000000000000000000                                             000032
102021974950001161584870000003760                             82090502137      000                        1421051205                              101205000000000375010408770000000000000125647101061205              0000000000000000000000000000000000000000000000003750000000000000000000000000001061205                         0000000000000000000000000                                             000033
102021974950001161584870000003760                             82090616132      000                        1421051205                              101205000000000375074500016000000000000270663101061205              0000000000000000000000000000000000000000000000003750000000000000000000000000001061205                         0000000000000000000000000                                             000034
102021974950001161584870000003760                             82090630135      000                        1421051205                              101205000000000375010408770000000000000125647101061205              0000000000000000000000000000000000000000000000003750000000000000000000000000001061205                         0000000000000000000000000                                             000035
102021974950001161584870000003760                             82090705135      000                        1421051205                              101205000000000750075641796000000000000270663101061205              0000000000000000000000000000000000000000000000007500000000000000000000000000001061205                         0000000000000000000000000                                             000036
102021974950001161584870000003760                             82091109137      000                        1421051205                              101205000000000750010400540000000000000125647101061205              0000000000000000000000000000000000000000000000007500000000000000000000000000001061205                         0000000000000000000000000                                             000037
102021974950001161584870000003760                             82091202137      000                        1421051205                              101205000000000750010400540000000000000125647101061205              0000000000000000000000000000000000000000000000007500000000000000000000000000001061205                         0000000000000000000000000                                             000038
102021974950001161584870000003760                             82120112137      000                        1421051205                              101205000000000650010421245000000000000125647101061205              0000000000000000000000000000000000000000000000006500000000000000000000000000001061205                         0000000000000000000000000                                             000039
102021974950001161584870000003760                             82130103149      000                        1421051205                              101205000000000860010409148000000000000125647101061205              0000000000000000000000000000000000000000000000008600000000000000000000000000001061205                         0000000000000000000000000                                             000040
102021974950001161584870000003760                             82130104145      000                        1421051205                              101205000000000860010409148000000000000125647101061205              0000000000000000000000000000000000000000000000008600000000000000000000000000001061205                         0000000000000000000000000                                             000041
102021974950001161584870000003760                             82130123131      000                        1421051205                              101105000000000860010409148000000000000125647101061205              0000000000000000000000000000000000000000000000008987000000000038700000000000001061205                         0000000000000000000000000                                             000042
102021974950001161584870000003760                             82999026490      000                        1421051205                              301105000000000860010410286000000000000125647101061205              0000000000000000000000000000000000000000000000008600000000000000000000000000001061205                         0000000000000000000000000                                             000043
9201104                                                                                                                                                                                                                                                                                                                                                                                                   000044
