02RETORNO01COBRANCA       1584870000003760    IPAD                          104C ECON FEDERAL 050906                                                                                                                                                                                                                                                                                                 00282000001
102021974950001161584870000003760                             82000047923      000                        1421050906                              000000000000000760010424465000000000000240655100050906              0000000000000000000000000000000000000000000000007600000000000000000000000000001050906                         0000000000000000000000000                                             000002
102021974950001161584870000003760                             82000047940      000                        1421050906                              000000000000000760010424465000000000000240655100050906              0000000000000000000000000000000000000000000000007600000000000000000000000000001050906                         0000000000000000000000000                                             000003
102021974950001161584870000003760                             82000047958      000                        1421050906                              000000000000000760010424465000000000000240655100050906              0000000000000000000000000000000000000000000000007600000000000000000000000000001050906                         0000000000000000000000000                                             000004
102021974950001161584870000003760                             82000047974      000                        1421050906                              000000000000000760010424465000000000000240655100050906              0000000000000000000000000000000000000000000000007600000000000000000000000000001050906                         0000000000000000000000000                                             000005
102021974950001161584870000003760                             82000047990      000                        1421050906                              000000000000000760010424465000000000000240655100050906              0000000000000000000000000000000000000000000000007600000000000000000000000000001050906                         0000000000000000000000000                                             000006
102021974950001161584870000003760                             82000048016      000                        1421050906                              000000000000000760010424465000000000000240655100050906              0000000000000000000000000000000000000000000000007600000000000000000000000000001050906                         0000000000000000000000000                                             000007
102021974950001161584870000003760                             82000048032      000                        1421050906                              000000000000000760010424465000000000000240655100050906              0000000000000000000000000000000000000000000000007600000000000000000000000000001050906                         0000000000000000000000000                                             000008
102021974950001161584870000003760                             82000048059      000                        1421050906                              000000000000000760010424465000000000000240655100050906              0000000000000000000000000000000000000000000000007600000000000000000000000000001050906                         0000000000000000000000000                                             000009
102021974950001161584870000003760                             82000048105      000                        1421050906                              000000000000000760010424465000000000000240655100050906              0000000000000000000000000000000000000000000000007600000000000000000000000000001050906                         0000000000000000000000000                                             000010
102021974950001161584870000003760                             82000048113      000                        1421050906                              000000000000000760010424465000000000000240655100050906              0000000000000000000000000000000000000000000000007600000000000000000000000000001050906                         0000000000000000000000000                                             000011
102021974950001161584870000003760                             82000048121      000                        1421050906                              000000000000000760010424465000000000000240655100050906              0000000000000000000000000000000000000000000000007600000000000000000000000000001050906                         0000000000000000000000000                                             000012
102021974950001161584870000003760                             82000048148      000                        1421050906                              000000000000000760010424465000000000000240655100050906              0000000000000000000000000000000000000000000000007600000000000000000000000000001050906                         0000000000000000000000000                                             000013
102021974950001161584870000003760                             82000048156      000                        1421050906                              000000000000000760010424465000000000000240655100050906              0000000000000000000000000000000000000000000000007600000000000000000000000000001050906                         0000000000000000000000000                                             000014
102021974950001161584870000003760                             82000048164      000                        1421050906                              000000000000000760010424465000000000000240655100050906              0000000000000000000000000000000000000000000000007600000000000000000000000000001050906                         0000000000000000000000000                                             000015
102021974950001161584870000003760                             82000048180      000                        1421050906                              000000000000000760010424465000000000000240655100050906              0000000000000000000000000000000000000000000000007600000000000000000000000000001050906                         0000000000000000000000000                                             000016
102021974950001161584870000003760                             82000048202      000                        1421050906                              000000000000000760010424465000000000000240655100050906              0000000000000000000000000000000000000000000000007600000000000000000000000000001050906                         0000000000000000000000000                                             000017
102021974950001161584870000003760                             82000048229      000                        1421050906                              000000000000000760010424465000000000000240655100050906              0000000000000000000000000000000000000000000000007600000000000000000000000000001050906                         0000000000000000000000000                                             000018
102021974950001161584870000003760                             82000048237      000                        1421050906                              000000000000000760010424465000000000000240655100050906              0000000000000000000000000000000000000000000000007600000000000000000000000000001050906                         0000000000000000000000000                                             000019
102021974950001161584870000003760                             82000048261      000                        1421050906                              000000000000000760010424465000000000000240655100050906              0000000000000000000000000000000000000000000000007600000000000000000000000000001050906                         0000000000000000000000000                                             000020
102021974950001161584870000003760                             82000048326      000                        1421050906                              000000000000000760010409148000000000000125647101060906              0000000000000000000000000000000000000000000000007600000000000000000000000000001060906                         0000000000000000000000000                                             000021
102021974950001161584870000003760                             82000048423      000                        1421050906                              000000000000000760010400523000000000000125647101060906              0000000000000000000000000000000000000000000000007600000000000000000000000000001060906                         0000000000000000000000000                                             000022
102021974950001161584870000003760                             82010318130      000                        1421050906                              100806000000000660010409148000000000000125647101060906              0000000000000000000000000000000000000000000000006810000000000021000000000000001060906                         0000000000000000000000000                                             000023
102021974950001161584870000003760                             82030208143      000                        1421050906                              100906000000000760010409156000000000000125647101060906              0000000000000000000000000000000000000000000000007600000000000000000000000000001060906                         0000000000000000000000000                                             000024
102021974950001161584870000003760                             82030210130      000                        1421050906                              100806000000000760010409156000000000000125647101060906              0000000000000000000000000000000000000000000000007949000000000034900000000000001060906                         0000000000000000000000000                                             000025
102021974950001161584870000003760                             82030210148      000                        1421050906                              000000000000000760039928996000000000000270663101060906              0000000000000000000000000000000000000000000000007600000000000000000000000000001060906                         0000000000000000000000000                                             000026
102021974950001161584870000003760                             82030412166      000                        1421050906                              100906000000000760010407757000000000000125647101060906              0000000000000000000000000000000000000000000000007600000000000000000000000000001060906                         0000000000000000000000000                                             000027
102021974950001161584870000003760                             82030414150      000                        1421050906                              100806000000000760010407757000000000000125647101060906              0000000000000000000000000000000000000000000000007778000000000017800000000000001060906                         0000000000000000000000000                                             000028
102021974950001161584870000003760                             82030531130      000                        1421050906                              150906000000000760000121336000000000000270663101060906              0000000000000000000000000000000000000000000000007600000000000000000000000000001060906                         0000000000000000000000000                                             000029
102021974950001161584870000003760                             82030545131      000                        1421050906                              150906000000000760006500016000000000000270663101060906              0000000000000000000000000000000000000000000000007600000000000000000000000000001060906                         0000000000000000000000000                                             000030
102021974950001161584870000003760                             82030724125      000                        1421050906                              100906000000000760007347476000000000000270663101060906              0000000000000000000000000000000000000000000000007600000000000000000000000000001060906                         0000000000000000000000000                                             000031
102021974950001161584870000003760                             82030905138      000                        1421050906                              000000000000000760039928996000000000000270663101060906              0000000000000000000000000000000000000000000000007600000000000000000000000000001060906                         0000000000000000000000000                                             000032
102021974950001161584870000003760                             82060410137      000                        1421050906                              100906000000000760035601326000000000000270663101060906              0000000000000000000000000000000000000000000000007600000000000000000000000000001060906                         0000000000000000000000000                                             000033
102021974950001161584870000003760                             82060601161      000                        1421050906                              150906000000000750006500016000000000000270663101060906              0000000000000000000000000000000000000000000000007500000000000000000000000000001060906                         0000000000000000000000000                                             000034
102021974950001161584870000003760                             82060609162      000                        1421050906                              150906000000000750007347476000000000000270663101060906              0000000000000000000000000000000000000000000000007500000000000000000000000000001060906                         0000000000000000000000000                                             000035
102021974950001161584870000003760                             82060709167      000                        1421050906                              150906000000000860006500016000000000000270663101060906              0000000000000000000000000000000000000000000000008600000000000000000000000000001060906                         0000000000000000000000000                                             000036
102021974950001161584870000003760                             82060720160      000                        1421050906                              150906000000000860010415806000000000000125647101060906              0000000000000000000000000000000000000000000000008600000000000000000000000000001060906                         0000000000000000000000000                                             000037
102021974950001161584870000003760                             82071210118      000                        1421050906                              100706000000000760010400485000000000000125647101060906              0000000000000000000000000000000000000000000000007934000000000033400000000000001060906                         0000000000000000000000000                                             000038
102021974950001161584870000003760                             82110714142      000                        1421050906                              250706000000000750010407765000000000000125647101060906              0000000000000000000000000000000000000000000000007896000000000039600000000000001060906                         0000000000000000000000000                                             000039
9201104                                                                                                                                                                                                                                                                                                                                                                                                   000040
