02RETORNO01COBRANCA       1584870000003760    IPAD                          104C ECON FEDERAL 051006                                                                                                                                                                                                                                                                                                 00303000001
102021974950001161584870000003760                             82000048709      000                        1421051006                              000000000000000760006500016000000000000270663101061006              0000000000000000000000000000000000000000000000007600000000000000000000000000001061006                         0000000000000000000000000                                             000002
102021974950001161584870000003760                             82000048725      000                        1421051006                              000000000000000760007347476000000000000270663101061006              0000000000000000000000000000000000000000000000007600000000000000000000000000001061006                         0000000000000000000000000                                             000003
102021974950001161584870000003760                             82000048792      000                        1421051006                              000000000000000760023716956000000000000270663101061006              0000000000000000000000000000000000000000000000007600000000000000000000000000001061006                         0000000000000000000000000                                             000004
102021974950001161584870000003760                             82000048920      000                        1421051006                              000000000000000760010407765000000000000125647101061006              0000000000000000000000000000000000000000000000007600000000000000000000000000001061006                         0000000000000000000000000                                             000005
102021974950001161584870000003760                             82000048938      000                        1421051006                              000000000000000760010407765000000000000125647101061006              0000000000000000000000000000000000000000000000007600000000000000000000000000001061006                         0000000000000000000000000                                             000006
102021974950001161584870000003760                             82000048962      000                        1421051006                              000000000000000760023716956000000000000270663101061006              0000000000000000000000000000000000000000000000007600000000000000000000000000001061006                         0000000000000000000000000                                             000007
102021974950001161584870000003760                             82000048997      000                        1421051006                              000000000000000760010407765000000000000125647101061006              0000000000000000000000000000000000000000000000007600000000000000000000000000001061006                         0000000000000000000000000                                             000008
102021974950001161584870000003760                             82030202153      000                        1421051006                              101006000000000760010409156000000000000125647101061006              0000000000000000000000000000000000000000000000007600000000000000000000000000001061006                         0000000000000000000000000                                             000009
102021974950001161584870000003760                             82030203150      000                        1421051006                              101006000000000760006500016000000000000270663101061006              0000000000000000000000000000000000000000000000007600000000000000000000000000001061006                         0000000000000000000000000                                             000010
102021974950001161584870000003760                             82030208151      000                        1421051006                              101006000000000760010409156000000000000125647101061006              0000000000000000000000000000000000000000000000007600000000000000000000000000001061006                         0000000000000000000000000                                             000011
102021974950001161584870000003760                             82030211152      000                        1421051006                              101006000000000760010409156000000000000125647101061006              0000000000000000000000000000000000000000000000007600000000000000000000000000001061006                         0000000000000000000000000                                             000012
102021974950001161584870000003760                             82030222146      000                        1421051006                              100906000000000760010409156000000000000125647101061006              0000000000000000000000000000000000000000000000007980000000000038000000000000001061006                         0000000000000000000000000                                             000013
102021974950001161584870000003760                             82030228152      000                        1421051006                              101006000000000760010409156000000000000125647101061006              0000000000000000000000000000000000000000000000007600000000000000000000000000001061006                         0000000000000000000000000                                             000014
102021974950001161584870000003760                             82030411178      000                        1421051006                              101006000000000760010407757000000000000125647101061006              0000000000000000000000000000000000000000000000007600000000000000000000000000001061006                         0000000000000000000000000                                             000015
102021974950001161584870000003760                             82030729135      000                        1421051006                              101006000000000760010409148000000000000125647101061006              0000000000000000000000000000000000000000000000007600000000000000000000000000001061006                         0000000000000000000000000                                             000016
102021974950001161584870000003760                             82060209172      000                        1421051006                              100606000000000860010421911000000000000125647101061006              0000000000000000000000000000000000000000000000009708000000000110800000000000001061006                         0000000000000000000000000                                             000017
102021974950001161584870000003760                             82060411141      000                        1421051006                              101006000000000760035610596000000000000270663101061006              0000000000000000000000000000000000000000000000007600000000000000000000000000001061006                         0000000000000000000000000                                             000018
102021974950001161584870000003760                             82060523144      000                        1421051006                              101006000000000760010400450000000000000125647101061006              0000000000000000000000000000000000000000000000007600000000000000000000000000001061006                         0000000000000000000000000                                             000019
102021974950001161584870000003760                             82060601170      000                        1421051006                              151006000000000750006500016000000000000270663101061006              0000000000000000000000000000000000000000000000007500000000000000000000000000001061006                         0000000000000000000000000                                             000020
102021974950001161584870000003760                             82060622177      000                        1421051006                              151006000000000750074500016000000000000270663101061006              0000000000000000000000000000000000000000000000007500000000000000000000000000001061006                         0000000000000000000000000                                             000021
102021974950001161584870000003760                             82060720179      000                        1421051006                              000000000000000860039928996000000000000270663101061006              0000000000000000000000000000000000000000000000008600000000000000000000000000001061006                         0000000000000000000000000                                             000022
102021974950001161584870000003760                             82060904148      000                        1421051006                              101006000000000760010406513000000000000125647101061006              0000000000000000000000000000000000000000000000007600000000000000000000000000001061006                         0000000000000000000000000                                             000023
102021974950001161584870000003760                             82060925145      000                        1421051006                              000000000000000760039928996000000000000270663101061006              0000000000000000000000000000000000000000000000007600000000000000000000000000001061006                         0000000000000000000000000                                             000024
102021974950001161584870000003760                             82070722131      000                        1421051006                              200906000000000760010405592000000000000125647101061006              0000000000000000000000000000000000000000000000007866000000000026600000000000001061006                         0000000000000000000000000                                             000025
102021974950001161584870000003760                             82071216140      000                        1421051006                              101006000000000760010409237000000000000125647101061006              0000000000000000000000000000000000000000000000007600000000000000000000000000001061006                         0000000000000000000000000                                             000026
102021974950001161584870000003760                             82071223147      000                        1421051006                              101006000000000760010400485000000000000125647101061006              0000000000000000000000000000000000000000000000007600000000000000000000000000001061006                         0000000000000000000000000                                             000027
102021974950001161584870000003760                             82090631131      000                        1421051006                              051006000000009750000126696000000000000270663101061006              0000000000000000000000000000000000000000000000097500000000000000000000000000001061006                         0000000000000000000000000                                             000028
102021974950001161584870000003760                             82090631140      000                        1421051006                              051006000000009750000126696000000000000270663101061006              0000000000000000000000000000000000000000000000097500000000000000000000000000001061006                         0000000000000000000000000                                             000029
102021974950001161584870000003760                             82130402111      000                        1421051006                              101006000000000760006500016000000000000270663101061006              0000000000000000000000000000000000000000000000007600000000000000000000000000001061006                         0000000000000000000000000                                             000030
102021974950001161584870000003760                             82130429117      000                        1421051006                              101006000000000760010409148000000000000125647101061006              0000000000000000000000000000000000000000000000007600000000000000000000000000001061006                         0000000000000000000000000                                             000031
9201104                                                                                                                                                                                                                                                                                                                                                                                                   000032
