02RETORNO01COBRANCA       1584870000003760    IPAD                          104C ECON FEDERAL 040106                                                                                                                                                                                                                                                                                                 00114000001
102021974950001161584870000003760                             82010228114      000                        1421040106                              100106000000007920000117546000000000000270663101050106              0000000000000000000000000000000000000000000000079200000000000000000000000000001050106                         0000000000000000000000000                                             000002
102021974950001161584870000003760                             82030125132      000                        1421040106                              100106000000000750010424465000000000000240655100040106              0000000000000000000000000000000000000000000000007500000000000000000000000000001040106                         0000000000000000000000000                                             000003
102021974950001161584870000003760                             82040105142      000                        1421040106                              100106000000000430075641796000000000000270663101050106              0000000000000000000000000000000000000000000000004300000000000000000000000000001050106                         0000000000000000000000000                                             000004
102021974950001161584870000003760                             82040211147      000                        1421040106                              100106000000000430023732126000000000000270663101050106              0000000000000000000000000000000000000000000000004300000000000000000000000000001050106                         0000000000000000000000000                                             000005
102021974950001161584870000003760                             82040215142      000                        1421040106                              100106000000000430010400523000000000000125647101050106              0000000000000000000000000000000000000000000000004300000000000000000000000000001050106                         0000000000000000000000000                                             000006
102021974950001161584870000003760                             82040216149      000                        1421040106                              100106000000000860006500016000000000000270663101050106              0000000000000000000000000000000000000000000000008600000000000000000000000000001050106                         0000000000000000000000000                                             000007
102021974950001161584870000003760                             82040226144      000                        1421040106                              100106000000000430010400523000000000000125647101050106              0000000000000000000000000000000000000000000000004300000000000000000000000000001050106                         0000000000000000000000000                                             000008
102021974950001161584870000003760                             82040313144      000                        1421040106                              100106000000000360010400523000000000000125647101050106              0000000000000000000000000000000000000000000000003600000000000000000000000000001050106                         0000000000000000000000000                                             000009
102021974950001161584870000003760                             82040314140      000                        1421040106                              100106000000000360010400523000000000000125647101050106              0000000000000000000000000000000000000000000000003600000000000000000000000000001050106                         0000000000000000000000000                                             000010
102021974950001161584870000003760                             82040319142      000                        1421040106                              100106000000000360010400523000000000000125647101050106              0000000000000000000000000000000000000000000000003600000000000000000000000000001050106                         0000000000000000000000000                                             000011
102021974950001161584870000003760                             82040502141      000                        1421040106                              100106000000000860010400523000000000000125647101050106              0000000000000000000000000000000000000000000000008600000000000000000000000000001050106                         0000000000000000000000000                                             000012
102021974950001161584870000003760                             82040622147      000                        1421040106                              000000000000000860039928996000000000000270663101050106              0000000000000000000000000000000000000000000000008600000000000000000000000000001050106                         0000000000000000000000000                                             000013
102021974950001161584870000003760                             82050127149      000                        1421040106                              100106000000000400006500016000000000000270663101050106              0000000000000000000000000000000000000000000000004000000000000000000000000000001050106                         0000000000000000000000000                                             000014
102021974950001161584870000003760                             82050136148      000                        1421040106                              100106000000000400006500016000000000000270663101050106              0000000000000000000000000000000000000000000000004000000000000000000000000000001050106                         0000000000000000000000000                                             000015
102021974950001161584870000003760                             82050230144      000                        1421040106                              100106000000000400010400531000000000000125647101050106              0000000000000000000000000000000000000000000000004000000000000000000000000000001050106                         0000000000000000000000000                                             000016
102021974950001161584870000003760                             82070109138      000                        1421040106                              101205000000000860010400493000000000000240655100040106              0000000000000000000000000000000000000000000000008997000000000039700000000000001040106                         0000000000000000000000000                                             000017
102021974950001161584870000003760                             82070216139      000                        1421040106                              101205000000000860010400477000000000000125647101050106              0000000000000000000000000000000000000000000000008972000000000037200000000000001050106                         0000000000000000000000000                                             000018
102021974950001161584870000003760                             82090217149      000                        1421040106                              100106000000000750010400540000000000000125647101050106              0000000000000000000000000000000000000000000000007500000000000000000000000000001050106                         0000000000000000000000000                                             000019
102021974950001161584870000003760                             82090612145      000                        1421040106                              100106000000000375006500016000000000000270663101050106              0000000000000000000000000000000000000000000000003750000000000000000000000000001050106                         0000000000000000000000000                                             000020
102021974950001161584870000003760                             82090630143      000                        1421040106                              100106000000000375010408770000000000000125647101050106              0000000000000000000000000000000000000000000000003750000000000000000000000000001050106                         0000000000000000000000000                                             000021
102021974950001161584870000003760                             82091007130      000                        1421040106                              101205000000000375010408770000000000000125647101050106              0000000000000000000000000000000000000000000000003900000000000015000000000000001050106                         0000000000000000000000000                                             000022
102021974950001161584870000003760                             82091032142      000                        1421040106                              100106000000000375010408770000000000000125647101050106              0000000000000000000000000000000000000000000000003750000000000000000000000000001050106                         0000000000000000000000000                                             000023
102021974950001161584870000003760                             82091124144      000                        1421040106                              100106000000000750010400540000000000000125647101050106              0000000000000000000000000000000000000000000000007500000000000000000000000000001050106                         0000000000000000000000000                                             000024
102021974950001161584870000003760                             82110126135      000                        1421040106                              100106000000000750010407765000000000000125647101050106              0000000000000000000000000000000000000000000000007500000000000000000000000000001050106                         0000000000000000000000000                                             000025
102021974950001161584870000003760                             82130210158      000                        1421040106                              100106000000000860023705866000000000000270663101050106              0000000000000000000000000000000000000000000000008600000000000000000000000000001050106                         0000000000000000000000000                                             000026
102021974950001161584870000003760                             82130226151      000                        1421040106                              100106000000000860010409148000000000000125647101050106              0000000000000000000000000000000000000000000000008600000000000000000000000000001050106                         0000000000000000000000000                                             000027
9201104                                                                                                                                                                                                                                                                                                                                                                                                   000028
