02RETORNO01COBRANCA       1584870000003760    IPAD                          104C ECON FEDERAL 061006                                                                                                                                                                                                                                                                                                 00304000001
102021974950001161584870000003760                             82000048750      000                        1421061006                              000000000000000760010407765000000000000125647101091006              0000000000000000000000000000000000000000000000007600000000000000000000000000001091006                         0000000000000000000000000                                             000002
102021974950001161584870000003760                             82000048776      000                        1421061006                              000000000000000760010407765000000000000125647101091006              0000000000000000000000000000000000000000000000007600000000000000000000000000001091006                         0000000000000000000000000                                             000003
102021974950001161584870000003760                             82000048784      000                        1421061006                              000000000000000760010407765000000000000125647101091006              0000000000000000000000000000000000000000000000007600000000000000000000000000001091006                         0000000000000000000000000                                             000004
102021974950001161584870000003760                             82000048903      000                        1421061006                              000000000000000760010407765000000000000125647101091006              0000000000000000000000000000000000000000000000007600000000000000000000000000001091006                         0000000000000000000000000                                             000005
102021974950001161584870000003760                             82000048954      000                        1421061006                              000000000000000760006500016000000000000270663101091006              0000000000000000000000000000000000000000000000007600000000000000000000000000001091006                         0000000000000000000000000                                             000006
102021974950001161584870000003760                             82000048989      000                        1421061006                              000000000000000760010407765000000000000125647101091006              0000000000000000000000000000000000000000000000007600000000000000000000000000001091006                         0000000000000000000000000                                             000007
102021974950001161584870000003760                             82010312158      000                        1421061006                              101006000000000660010409148000000000000125647101091006              0000000000000000000000000000000000000000000000006600000000000000000000000000001091006                         0000000000000000000000000                                             000008
102021974950001161584870000003760                             82030306161      000                        1421061006                              300806000000000860010409156000000000000125647101091006              0000000000000000000000000000000000000000000000008808000000000020800000000000001091006                         0000000000000000000000000                                             000009
102021974950001161584870000003760                             82030311173      000                        1421061006                              300906000000000860010409156000000000000125647101091006              0000000000000000000000000000000000000000000000008808000000000020800000000000001091006                         0000000000000000000000000                                             000010
102021974950001161584870000003760                             82030412174      000                        1421061006                              101006000000000760010407757000000000000125647101091006              0000000000000000000000000000000000000000000000007600000000000000000000000000001091006                         0000000000000000000000000                                             000011
102021974950001161584870000003760                             82030415173      000                        1421061006                              101006000000000760010407757000000000000125647101091006              0000000000000000000000000000000000000000000000007600000000000000000000000000001091006                         0000000000000000000000000                                             000012
102021974950001161584870000003760                             82030522140      000                        1421061006                              151006000000000760010409148000000000000125620101091006              0000000000000000000000000000000000000000000000007600000000000000000000000000001091006                         0000000000000000000000000                                             000013
102021974950001161584870000003760                             82030902147      000                        1421061006                              101006000000000760074500016000000000000270663101091006              0000000000000000000000000000000000000000000000007600000000000000000000000000001091006                         0000000000000000000000000                                             000014
102021974950001161584870000003760                             82030924140      000                        1421061006                              101006000000000760010407757000000000000125647101091006              0000000000000000000000000000000000000000000000007600000000000000000000000000001091006                         0000000000000000000000000                                             000015
102021974950001161584870000003760                             82030929142      000                        1421061006                              101006000000000760010407757000000000000125647101091006              0000000000000000000000000000000000000000000000007600000000000000000000000000001091006                         0000000000000000000000000                                             000016
102021974950001161584870000003760                             82060527140      000                        1421061006                              000000000000000760039928996000000000000270663101091006              0000000000000000000000000000000000000000000000007600000000000000000000000000001091006                         0000000000000000000000000                                             000017
102021974950001161584870000003760                             82060626156      000                        1421061006                              150906000000000750010412424000000000000125647101091006              0000000000000000000000000000000000000000000000007807000000000030700000000000001091006                         0000000000000000000000000                                             000018
102021974950001161584870000003760                             82060711170      000                        1421061006                              151006000000000860010400469000000000000125647101091006              0000000000000000000000000000000000000000000000008600000000000000000000000000001091006                         0000000000000000000000000                                             000019
102021974950001161584870000003760                             82060910148      000                        1421061006                              000000000000000760039928996000000000000270663101091006              0000000000000000000000000000000000000000000000007600000000000000000000000000001091006                         0000000000000000000000000                                             000020
102021974950001161584870000003760                             82110704163      000                        1421061006                              200906000000000750010407765000000000000125647101091006              0000000000000000000000000000000000000000000000007500000000000000000000000000001091006                         0000000000000000000000000                                             000021
102021974950001161584870000003760                             82130415116      000                        1421061006                              101006000000000760006500016000000000000270663101091006              0000000000000000000000000000000000000000000000007600000000000000000000000000001091006                         0000000000000000000000000                                             000022
9201104                                                                                                                                                                                                                                                                                                                                                                                                   000023
