02RETORNO01COBRANCA       1584870000003760    IPAD                          104C ECON FEDERAL 050207                                                                                                                                                                                                                                                                                                 00384000001
102021974950001161584870000003760                             82031014113      000                        1421050207                              301206000000000760010400523000000000000125647101060207              0000000000000000000000000000000000000000000000007757000000000015700000000000001060207                         0000000000000000000000000                                             000002
102021974950001161584870000003760                             82031032120      000                        1421050207                              300107000000000760010400523000000000000125647101060207              0000000000000000000000000000000000000000000000007757000000000015700000000000001060207                         0000000000000000000000000                                             000003
102021974950001161584870000003760                             82031127139      000                        1421050207                              100107000000000760010424465000000000000125647101060207              0000000000000000000000000000000000000000000000007934000000000033400000000000001060207                         0000000000000000000000000                                             000004
102021974950001161584870000003760                             82031128143      000                        1421050207                              100207000000000760010424465000000000000240655100050207              0000000000000000000000000000000000000000000000007600000000000000000000000000001050207                         0000000000000000000000000                                             000005
102021974950001161584870000003760                             82050321174      000                        1421050207                              250107000000000860010427782000000000000125647101060207              0000000000000000000000000000000000000000000000008849000000000024900000000000001060207                         0000000000000000000000000                                             000006
102021974950001161584870000003760                             82060411168      000                        1421050207                              101206000000000760010430171000000000000125647101060207              0000000000000000000000000000000000000000000000008170000000000057000000000000001060207                         0000000000000000000000000                                             000007
102021974950001161584870000003760                             82060412172      000                        1421050207                              100107000000000760010430171000000000000125647101060207              0000000000000000000000000000000000000000000000007934000000000033400000000000001060207                         0000000000000000000000000                                             000008
102021974950001161584870000003760                             82060415155      000                        1421050207                              101106000000000760010408761000000000000240655100050207              0000000000000000000000000000000000000000000000008456000000000085600000000000001050207                         0000000000000000000000000                                             000009
102021974950001161584870000003760                             82071308126      000                        1421050207                              101206000000000760010421245000000000000125647101060207              0000000000000000000000000000000000000000000000007941000000000034100000000000001060207                         0000000000000000000000000                                             000010
102021974950001161584870000003760                             82071411121      000                        1421050207                              310107000000000760010421245000000000000125647101060207              0000000000000000000000000000000000000000000000007787000000000018700000000000001060207                         0000000000000000000000000                                             000011
102021974950001161584870000003760                             82071425122      000                        1421050207                              310107000000000760010421245000000000000240655100050207              0000000000000000000000000000000000000000000000007787000000000018700000000000001050207                         0000000000000000000000000                                             000012
102021974950001161584870000003760                             82071438127      000                        1421050207                              310107000000000760010421245000000000000125647101060207              0000000000000000000000000000000000000000000000007790000000000019000000000000001060207                         0000000000000000000000000                                             000013
102021974950001161584870000003760                             82090122172      000                        1421050207                              151006000000000750010400540000000000000125647101060207              0000000000000000000000000000000000000000000000008497000000000099700000000000001060207                         0000000000000000000000000                                             000014
102021974950001161584870000003760                             82130409159      000                        1421050207                              100207000000000760010409148000000000000125647101060207              0000000000000000000000000000000000000000000000007600000000000000000000000000001060207                         0000000000000000000000000                                             000015
9201104                                                                                                                                                                                                                                                                                                                                                                                                   000016
