02RETORNO01COBRANCA       1584870000003760    IPAD                          104C ECON FEDERAL 061106                                                                                                                                                                                                                                                                                                 00323000001
102021974950001161584870000003760                             82010304155      000                        1421061106                              101006000000000660010414338000000000000125647101071106              0000000000000000000000000000000000000000000000006910000000000031000000000000001071106                         0000000000000000000000000                                             000002
102021974950001161584870000003760                             82010306166      000                        1421061106                              101106000000000660010409148000000000000125647101071106              0000000000000000000000000000000000000000000000006600000000000000000000000000001071106                         0000000000000000000000000                                             000003
102021974950001161584870000003760                             82010319160      000                        1421061106                              101106000000000660006500016000000000000270663101071106              0000000000000000000000000000000000000000000000006600000000000000000000000000001071106                         0000000000000000000000000                                             000004
102021974950001161584870000003760                             82030211160      000                        1421061106                              101106000000000760006500016000000000000270663101071106              0000000000000000000000000000000000000000000000007600000000000000000000000000001071106                         0000000000000000000000000                                             000005
102021974950001161584870000003760                             82030309160      000                        1421061106                              300806000000000860010409156000000000000125647101071106              0000000000000000000000000000000000000000000000009292000000000069200000000000001071106                         0000000000000000000000000                                             000006
102021974950001161584870000003760                             82030502157      000                        1421061106                              151106000000000760010409156000000000000125620101071106              0000000000000000000000000000000000000000000000007600000000000000000000000000001071106                         0000000000000000000000000                                             000007
102021974950001161584870000003760                             82030516158      000                        1421061106                              151106000000000760010409148000000000000125620101071106              0000000000000000000000000000000000000000000000007600000000000000000000000000001071106                         0000000000000000000000000                                             000008
102021974950001161584870000003760                             82030902155      000                        1421061106                              101106000000000760010407757000000000000125647101071106              0000000000000000000000000000000000000000000000007600000000000000000000000000001071106                         0000000000000000000000000                                             000009
102021974950001161584870000003760                             82030908153      000                        1421061106                              101106000000000760010407757000000000000125647101071106              0000000000000000000000000000000000000000000000007600000000000000000000000000001071106                         0000000000000000000000000                                             000010
102021974950001161584870000003760                             82030914153      000                        1421061106                              101106000000000760010407757000000000000125647101071106              0000000000000000000000000000000000000000000000007600000000000000000000000000001071106                         0000000000000000000000000                                             000011
102021974950001161584870000003760                             82030915141      000                        1421061106                              101006000000000760010407757000000000000125647101071106              0000000000000000000000000000000000000000000000007957000000000035700000000000001071106                         0000000000000000000000000                                             000012
102021974950001161584870000003760                             82030926135      000                        1421061106                              100906000000000760010407757000000000000125647101071106              0000000000000000000000000000000000000000000000008185000000000058500000000000001071106                         0000000000000000000000000                                             000013
102021974950001161584870000003760                             82030926143      000                        1421061106                              101006000000000760010407757000000000000125647101071106              0000000000000000000000000000000000000000000000007957000000000035700000000000001071106                         0000000000000000000000000                                             000014
102021974950001161584870000003760                             82060506134      000                        1421061106                              100906000000000760010409237000000000000125647101071106              0000000000000000000000000000000000000000000000008170000000000057000000000000001071106                         0000000000000000000000000                                             000015
102021974950001161584870000003760                             82060529142      000                        1421061106                              101006000000000760010400485000000000000125647101071106              0000000000000000000000000000000000000000000000007964000000000036400000000000001071106                         0000000000000000000000000                                             000016
102021974950001161584870000003760                             82060625176      000                        1421061106                              151106000000000750074500016000000000000270663101071106              0000000000000000000000000000000000000000000000007500000000000000000000000000001071106                         0000000000000000000000000                                             000017
102021974950001161584870000003760                             82060715167      000                        1421061106                              151006000000000860010400477000000000000125647101071106              0000000000000000000000000000000000000000000000008952000000000035200000000000001071106                         0000000000000000000000000                                             000018
102021974950001161584870000003760                             82060901130      000                        1421061106                              100906000000000760010415814000000000000125647101071106              0000000000000000000000000000000000000000000000007793000000000019300000000000001071106                         0000000000000000000000000                                             000019
102021974950001161584870000003760                             82060901149      000                        1421061106                              101006000000000760010415814000000000000125647101071106              0000000000000000000000000000000000000000000000007771000000000017100000000000001071106                         0000000000000000000000000                                             000020
102021974950001161584870000003760                             82060904156      000                        1421061106                              101106000000000760010406513000000000000125647101071106              0000000000000000000000000000000000000000000000007600000000000000000000000000001071106                         0000000000000000000000000                                             000021
102021974950001161584870000003760                             82060915158      000                        1421061106                              101106000000000760010430171000000000000125647101071106              0000000000000000000000000000000000000000000000007600000000000000000000000000001071106                         0000000000000000000000000                                             000022
102021974950001161584870000003760                             82060918157      000                        1421061106                              101106000000000760010412947000000000000125647101071106              0000000000000000000000000000000000000000000000007600000000000000000000000000001071106                         0000000000000000000000000                                             000023
102021974950001161584870000003760                             82071216159      000                        1421061106                              101106000000000760006500016000000000000270663101071106              0000000000000000000000000000000000000000000000007600000000000000000000000000001071106                         0000000000000000000000000                                             000024
102021974950001161584870000003760                             82111014110      000                        1421061106                              111106000000000760010407765000000000000125647101071106              0000000000000000000000000000000000000000000000007600000000000000000000000000001071106                         0000000000000000000000000                                             000025
9201104                                                                                                                                                                                                                                                                                                                                                                                                   000026
