02RETORNO01COBRANCA       1584870000003760    IPAD                          104C ECON FEDERAL 060706                                                                                                                                                                                                                                                                                                 00239000001
102021974950001161584870000003760                             82000045882      000                        1421060706                              000000000000000760010400485000000000000125647101070706              0000000000000000000000000000000000000000000000007600000000000000000000000000001070706                         0000000000000000000000000                                             000002
102021974950001161584870000003760                             82010312123      000                        1421060706                              100706000000000660010409148000000000000125647101070706              0000000000000000000000000000000000000000000000006600000000000000000000000000001070706                         0000000000000000000000000                                             000003
102021974950001161584870000003760                             82010317125      000                        1421060706                              100706000000000660006500016000000000000270663101070706              0000000000000000000000000000000000000000000000006600000000000000000000000000001070706                         0000000000000000000000000                                             000004
102021974950001161584870000003760                             82030207120      000                        1421060706                              100706000000000760010409156000000000000125647101070706              0000000000000000000000000000000000000000000000007600000000000000000000000000001070706                         0000000000000000000000000                                             000005
102021974950001161584870000003760                             82030208127      000                        1421060706                              100706000000000760010409156000000000000125647101070706              0000000000000000000000000000000000000000000000007600000000000000000000000000001070706                         0000000000000000000000000                                             000006
102021974950001161584870000003760                             82030217126      000                        1421060706                              100706000000000760006500016000000000000270663101070706              0000000000000000000000000000000000000000000000007600000000000000000000000000001070706                         0000000000000000000000000                                             000007
102021974950001161584870000003760                             82030320130      000                        1421060706                              300506000000000860010409156000000000000240655100060706              0000000000000000000000000000000000000000000000009087000000000048700000000000001060706                         0000000000000000000000000                                             000008
102021974950001161584870000003760                             82030433147      000                        1421060706                              000000000000000760039928996000000000000270663101070706              0000000000000000000000000000000000000000000000007600000000000000000000000000001070706                         0000000000000000000000000                                             000009
102021974950001161584870000003760                             82030816119      000                        1421060706                              100706000000000760010409156000000000000125647101070706              0000000000000000000000000000000000000000000000007600000000000000000000000000001070706                         0000000000000000000000000                                             000010
102021974950001161584870000003760                             82030824111      000                        1421060706                              100706000000000760075641796000000000000270663101070706              0000000000000000000000000000000000000000000000007600000000000000000000000000001070706                         0000000000000000000000000                                             000011
102021974950001161584870000003760                             82030830111      000                        1421060706                              100706000000000760006500016000000000000270663101070706              0000000000000000000000000000000000000000000000007600000000000000000000000000001070706                         0000000000000000000000000                                             000012
102021974950001161584870000003760                             82030924116      000                        1421060706                              100706000000000760000122296000000000000270663101070706              0000000000000000000000000000000000000000000000007600000000000000000000000000001070706                         0000000000000000000000000                                             000013
102021974950001161584870000003760                             82060909115      000                        1421060706                              100706000000000760000135056000000000000270663101070706              0000000000000000000000000000000000000000000000007600000000000000000000000000001070706                         0000000000000000000000000                                             000014
102021974950001161584870000003760                             82060918114      000                        1421060706                              100706000000000760010415830000000000000125647101070706              0000000000000000000000000000000000000000000000007600000000000000000000000000001070706                         0000000000000000000000000                                             000015
102021974950001161584870000003760                             82060921115      000                        1421060706                              100706000000000760010410308000000000000125647101070706              0000000000000000000000000000000000000000000000007600000000000000000000000000001070706                         0000000000000000000000000                                             000016
102021974950001161584870000003760                             82070609114      000                        1421060706                              210506000000000760010405592000000000000240655100060706              0000000000000000000000000000000000000000000000008120000000000052000000000000001060706                         0000000000000000000000000                                             000017
102021974950001161584870000003760                             82090514178      000                        1421060706                              100406000000000375010408770000000000000125647101070706              0000000000000000000000000000000000000000000000004161000000000041100000000000001070706                         0000000000000000000000000                                             000018
102021974950001161584870000003760                             82090920168      000                        1421060706                              300406000000000375010412424000000000000125647101070706              0000000000000000000000000000000000000000000000004076000000000032600000000000001070706                         0000000000000000000000000                                             000019
102021974950001161584870000003760                             82110222169      000                        1421060706                              100406000000000450010407765000000000000240655100060706              0000000000000000000000000000000000000000000000005025000000000052500000000000001060706                         0000000000000000000000000                                             000020
102021974950001161584870000003760                             82110222177      000                        1421060706                              100506000000000450010407765000000000000240655100060706              0000000000000000000000000000000000000000000000004875000000000037500000000000001060706                         0000000000000000000000000                                             000021
9201104                                                                                                                                                                                                                                                                                                                                                                                                   000022
