02RETORNO01COBRANCA       1584870000003760    IPAD                          104C ECON FEDERAL 060705                                                                                                                                                                                                                                                                                                 00001000001
102021974950001161584870000003760                             82999363624      000                        1421060705                              100705000000000860002410026000000000000270663101070705              0000000000000000000000000000000000000000000000008600000000000000000000000000001070705                         0000000000000000000000000                                             000002
9201104                                                                                                                                                                                                                                                                                                                                                                                                   000003
