02RETORNO01COBRANCA       1584870000003760    IPAD                          104C ECON FEDERAL 020307                                                                                                                                                                                                                                                                                                 00400000001
102021974950001161584870000003760                             82000050410      000                        1421020307                              000000000000000800010409156000000000000125647101050307              0000000000000000000000000000000000000000000000008000000000000000000000000000001050307                         0000000000000000000000000                                             000002
102021974950001161584870000003760                             82000051440      000                        1421020307                              000000000000000800010400531000000000000125647101050307              0000000000000000000000000000000000000000000000008000000000000000000000000000001050307                         0000000000000000000000000                                             000003
102021974950001161584870000003760                             82000051998      000                        1421020307                              000000000000000800010407757000000000000125647101050307              0000000000000000000000000000000000000000000000008000000000000000000000000000001050307                         0000000000000000000000000                                             000004
102021974950001161584870000003760                             82010139138      000                        1421020307                              220207000000000750010407765000000000000125647101050307              0000000000000000000000000000000000000000000000007705000000000020500000000000001050307                         0000000000000000000000000                                             000005
102021974950001161584870000003760                             82010139146      000                        1421020307                              220207000000000750010407765000000000000125647101050307              0000000000000000000000000000000000000000000000007705000000000020500000000000001050307                         0000000000000000000000000                                             000006
102021974950001161584870000003760                             82010139154      000                        1421020307                              220207000000000750010407765000000000000125647101050307              0000000000000000000000000000000000000000000000007705000000000020500000000000001050307                         0000000000000000000000000                                             000007
102021974950001161584870000003760                             82010139162      000                        1421020307                              200307000000000750010407765000000000000125647101050307              0000000000000000000000000000000000000000000000007500000000000000000000000000001050307                         0000000000000000000000000                                             000008
102021974950001161584870000003760                             82010139170      000                        1421020307                              200307000000000750010407765000000000000125647101050307              0000000000000000000000000000000000000000000000007500000000000000000000000000001050307                         0000000000000000000000000                                             000009
102021974950001161584870000003760                             82030223177      000                        1421020307                              101206000000000760010409156000000000000125647101050307              0000000000000000000000000000000000000000000000008392000000000079200000000000001050307                         0000000000000000000000000                                             000010
102021974950001161584870000003760                             82030709177      000                        1421020307                              150307000000000760010409148000000000000125647101050307              0000000000000000000000000000000000000000000000007600000000000000000000000000001050307                         0000000000000000000000000                                             000011
102021974950001161584870000003760                             82030713166      000                        1421020307                              050307000000000760010409148000000000000125647101050307              0000000000000000000000000000000000000000000000007600000000000000000000000000001050307                         0000000000000000000000000                                             000012
102021974950001161584870000003760                             82031007133      000                        1421020307                              280207000000000760010400523000000000000125647101050307              0000000000000000000000000000000000000000000000007755000000000015500000000000001050307                         0000000000000000000000000                                             000013
102021974950001161584870000003760                             82031009136      000                        1421020307                              280207000000000760010400523000000000000125647101050307              0000000000000000000000000000000000000000000000007755000000000015500000000000001050307                         0000000000000000000000000                                             000014
102021974950001161584870000003760                             82031010134      000                        1421020307                              280207000000000760010400523000000000000125647101050307              0000000000000000000000000000000000000000000000007600000000000000000000000000001050307                         0000000000000000000000000                                             000015
102021974950001161584870000003760                             82031026120      000                        1421020307                              300107000000000760010400523000000000000125647101050307              0000000000000000000000000000000000000000000000007600000000000000000000000000001050307                         0000000000000000000000000                                             000016
102021974950001161584870000003760                             82031029129      000                        1421020307                              300107000000000760010400523000000000000125647101050307              0000000000000000000000000000000000000000000000007782000000000018200000000000001050307                         0000000000000000000000000                                             000017
102021974950001161584870000003760                             82031033126      000                        1421020307                              300107000000000760010400523000000000000125647101050307              0000000000000000000000000000000000000000000000007755000000000015500000000000001050307                         0000000000000000000000000                                             000018
102021974950001161584870000003760                             82031126159      000                        1421020307                              100307000000000760000109176000000000000270663101050307              0000000000000000000000000000000000000000000000007600000000000000000000000000001050307                         0000000000000000000000000                                             000019
102021974950001161584870000003760                             82061038118      000                        1421020307                              280207000000000380010400540000000000000125647101050307              0000000000000000000000000000000000000000000000003883000000000008300000000000001050307                         0000000000000000000000000                                             000020
102021974950001161584870000003760                             82071313138      000                        1421020307                              100107000000000760010421245000000000000125647101050307              0000000000000000000000000000000000000000000000008110000000000051000000000000001050307                         0000000000000000000000000                                             000021
102021974950001161584870000003760                             82071425157      000                        1421020307                              100307000000000760000107106000000000000270663101050307              0000000000000000000000000000000000000000000000007600000000000000000000000000001050307                         0000000000000000000000000                                             000022
102021974950001161584870000003760                             82110728143      000                        1421020307                              220207000000000750010407765000000000000125647101050307              0000000000000000000000000000000000000000000000007706000000000020600000000000001050307                         0000000000000000000000000                                             000023
102021974950001161584870000003760                             82110728151      000                        1421020307                              220207000000000750010407765000000000000125647101050307              0000000000000000000000000000000000000000000000007706000000000020600000000000001050307                         0000000000000000000000000                                             000024
102021974950001161584870000003760                             82110728160      000                        1421020307                              220307000000000750010407765000000000000125647101050307              0000000000000000000000000000000000000000000000007500000000000000000000000000001050307                         0000000000000000000000000                                             000025
102021974950001161584870000003760                             82130418158      000                        1421020307                              100207000000000760010409148000000000000125647101050307              0000000000000000000000000000000000000000000000007904000000000030400000000000001050307                         0000000000000000000000000                                             000026
9201104                                                                                                                                                                                                                                                                                                                                                                                                   000027
