02RETORNO01COBRANCA       1584870000003760    IPAD                          104C ECON FEDERAL 070606                                                                                                                                                                                                                                                                                                 00219000001
102021974950001161584870000003760                             82000038967      000                        1421070606                              000000000000000760000135056000000000000270663101080606              0000000000000000000000000000000000000000000000007600000000000000000000000000001080606                         0000000000000000000000000                                             000002
102021974950001161584870000003760                             82000042662      000                        1421070606                              000000000000000760075641796000000000000270663101080606              0000000000000000000000000000000000000000000000007600000000000000000000000000001080606                         0000000000000000000000000                                             000003
102021974950001161584870000003760                             82000044134      000                        1421070606                              000000000000000760010409148000000000000125647101080606              0000000000000000000000000000000000000000000000007600000000000000000000000000001080606                         0000000000000000000000000                                             000004
102021974950001161584870000003760                             82000044142      000                        1421070606                              000000000000000760010409148000000000000125647101080606              0000000000000000000000000000000000000000000000007600000000000000000000000000001080606                         0000000000000000000000000                                             000005
102021974950001161584870000003760                             82000044150      000                        1421070606                              000000000000000760010409148000000000000125647101080606              0000000000000000000000000000000000000000000000007600000000000000000000000000001080606                         0000000000000000000000000                                             000006
102021974950001161584870000003760                             82000044169      000                        1421070606                              000000000000000760010409148000000000000125647101080606              0000000000000000000000000000000000000000000000007600000000000000000000000000001080606                         0000000000000000000000000                                             000007
102021974950001161584870000003760                             82000044800      000                        1421070606                              000000000000000860039928996000000000000270663101080606              0000000000000000000000000000000000000000000000008600000000000000000000000000001080606                         0000000000000000000000000                                             000008
102021974950001161584870000003760                             82000045149      000                        1421020606                              000000000000000760010409156000000000000125647101060606              0000000000000000000000000000000000000000000000007600000000000000000000000000001060606                         0000000000000000000000000                                             000009
102021974950001161584870000003760                             82000045840      000                        1421070606                              000000000000000760010400485000000000000125647101080606              0000000000000000000000000000000000000000000000007600000000000000000000000000001080606                         0000000000000000000000000                                             000010
102021974950001161584870000003760                             82000045874      000                        1421070606                              000000000000000760010400485000000000000125647101080606              0000000000000000000000000000000000000000000000007600000000000000000000000000001080606                         0000000000000000000000000                                             000011
102021974950001161584870000003760                             82010109174      000                        1421070606                              100506000000000375010414338000000000000125647101080606              0000000000000000000000000000000000000000000000003930000000000018000000000000001080606                         0000000000000000000000000                                             000012
102021974950001161584870000003760                             82010310112      000                        1421070606                              100606000000000660010409148000000000000125647101080606              0000000000000000000000000000000000000000000000006600000000000000000000000000001080606                         0000000000000000000000000                                             000013
102021974950001161584870000003760                             82030217118      000                        1421070606                              100606000000000760006500016000000000000270663101080606              0000000000000000000000000000000000000000000000007600000000000000000000000000001080606                         0000000000000000000000000                                             000014
102021974950001161584870000003760                             82030218114      000                        1421070606                              100606000000000760010409156000000000000125647101080606              0000000000000000000000000000000000000000000000007600000000000000000000000000001080606                         0000000000000000000000000                                             000015
102021974950001161584870000003760                             82030423133      000                        1421070606                              100606000000000760010407757000000000000125647101080606              0000000000000000000000000000000000000000000000007600000000000000000000000000001080606                         0000000000000000000000000                                             000016
102021974950001161584870000003760                             82090122156      000                        1421070606                              100406000000000750010400540000000000000125647101080606              0000000000000000000000000000000000000000000000008056000000000055600000000000001080606                         0000000000000000000000000                                             000017
102021974950001161584870000003760                             82090122164      000                        1421070606                              300406000000000750010400540000000000000125647101080606              0000000000000000000000000000000000000000000000007916000000000041600000000000001080606                         0000000000000000000000000                                             000018
102021974950001161584870000003760                             82090816166      000                        1421070606                              100506000000000450010408770000000000000125647101080606              0000000000000000000000000000000000000000000000004618000000000011800000000000001080606                         0000000000000000000000000                                             000019
102021974950001161584870000003760                             82090818177      000                        1421070606                              100606000000000340006500016000000000000270663101080606              0000000000000000000000000000000000000000000000003400000000000000000000000000001080606                         0000000000000000000000000                                             000020
102021974950001161584870000003760                             82090828148      000                        1421070606                              300606000000000450010408770000000000000125647101080606              0000000000000000000000000000000000000000000000004500000000000000000000000000001080606                         0000000000000000000000000                                             000021
102021974950001161584870000003760                             82090828164      000                        1421070606                              100506000000000450010408770000000000000125647101080606              0000000000000000000000000000000000000000000000004618000000000011800000000000001080606                         0000000000000000000000000                                             000022
102021974950001161584870000003760                             82090828172      000                        1421070606                              100606000000000450010408770000000000000125647101080606              0000000000000000000000000000000000000000000000004500000000000000000000000000001080606                         0000000000000000000000000                                             000023
102021974950001161584870000003760                             82090830177      000                        1421070606                              100606000000000340010408770000000000000125647101080606              0000000000000000000000000000000000000000000000003400000000000000000000000000001080606                         0000000000000000000000000                                             000024
102021974950001161584870000003760                             82090834172      000                        1421070606                              100606000000000450010408770000000000000125647101080606              0000000000000000000000000000000000000000000000004500000000000000000000000000001080606                         0000000000000000000000000                                             000025
102021974950001161584870000003760                             82120108172      000                        1421070606                              100406000000000650010421245000000000000240655100070606              0000000000000000000000000000000000000000000000006978000000000047800000000000001070606                         0000000000000000000000000                                             000026
9201104                                                                                                                                                                                                                                                                                                                                                                                                   000027
