02RETORNO01COBRANCA       1584870000003760    IPAD                          104C ECON FEDERAL 060106                                                                                                                                                                                                                                                                                                 00116000001
102021974950001161584870000003760                             82010106132      000                        1421060106                              100106000000000750006500016000000000000270663101090106              0000000000000000000000000000000000000000000000007500000000000000000000000000001090106                         0000000000000000000000000                                             000002
102021974950001161584870000003760                             82010119137      000                        1421060106                              100106000000000750023725426000000000000270663101090106              0000000000000000000000000000000000000000000000007500000000000000000000000000001090106                         0000000000000000000000000                                             000003
102021974950001161584870000003760                             82010121131      000                        1421060106                              100106000000000750010414338000000000000125647101090106              0000000000000000000000000000000000000000000000007500000000000000000000000000001090106                         0000000000000000000000000                                             000004
102021974950001161584870000003760                             82010207133      000                        1421060106                              100106000000000420000117546000000000000270663101090106              0000000000000000000000000000000000000000000000004200000000000000000000000000001090106                         0000000000000000000000000                                             000005
102021974950001161584870000003760                             82010207141      000                        1421060106                              100206000000000420000117546000000000000270663101090106              0000000000000000000000000000000000000000000000004200000000000000000000000000001090106                         0000000000000000000000000                                             000006
102021974950001161584870000003760                             82010212137      000                        1421060106                              100106000000000420007347476000000000000270663101090106              0000000000000000000000000000000000000000000000004200000000000000000000000000001090106                         0000000000000000000000000                                             000007
102021974950001161584870000003760                             82030114130      000                        1421060106                              100106000000000750010424465000000000000125647101090106              0000000000000000000000000000000000000000000000007500000000000000000000000000001090106                         0000000000000000000000000                                             000008
102021974950001161584870000003760                             82030115137      000                        1421060106                              100106000000000750010424465000000000000125647101090106              0000000000000000000000000000000000000000000000007500000000000000000000000000001090106                         0000000000000000000000000                                             000009
102021974950001161584870000003760                             82030116133      000                        1421060106                              100106000000000750010424465000000000000125647101090106              0000000000000000000000000000000000000000000000007500000000000000000000000000001090106                         0000000000000000000000000                                             000010
102021974950001161584870000003760                             82030134131      000                        1421060106                              100106000000000750010424465000000000000125647101090106              0000000000000000000000000000000000000000000000007500000000000000000000000000001090106                         0000000000000000000000000                                             000011
102021974950001161584870000003760                             82040133146      000                        1421060106                              100106000000000860023732106000000000000270663101090106              0000000000000000000000000000000000000000000000008600000000000000000000000000001090106                         0000000000000000000000000                                             000012
102021974950001161584870000003760                             82040203144      000                        1421060106                              100106000000000430010400523000000000000125647101090106              0000000000000000000000000000000000000000000000004300000000000000000000000000001090106                         0000000000000000000000000                                             000013
102021974950001161584870000003760                             82040223145      000                        1421060106                              100106000000000430006500016000000000000270663101090106              0000000000000000000000000000000000000000000000004300000000000000000000000000001090106                         0000000000000000000000000                                             000014
102021974950001161584870000003760                             82040301146      000                        1421060106                              100106000000000360006500016000000000000270663101090106              0000000000000000000000000000000000000000000000003600000000000000000000000000001090106                         0000000000000000000000000                                             000015
102021974950001161584870000003760                             82040417144      000                        1421060106                              100106000000000860010400523000000000000125647101090106              0000000000000000000000000000000000000000000000008600000000000000000000000000001090106                         0000000000000000000000000                                             000016
102021974950001161584870000003760                             82040418140      000                        1421060106                              100106000000000860000123866000000000000270663101090106              0000000000000000000000000000000000000000000000008600000000000000000000000000001090106                         0000000000000000000000000                                             000017
102021974950001161584870000003760                             82040431147      000                        1421060106                              000000000000000860039928996000000000000270663101090106              0000000000000000000000000000000000000000000000008600000000000000000000000000001090106                         0000000000000000000000000                                             000018
102021974950001161584870000003760                             82040711140      000                        1421060106                              100106000000000860010409164000000000000125647101090106              0000000000000000000000000000000000000000000000008600000000000000000000000000001090106                         0000000000000000000000000                                             000019
102021974950001161584870000003760                             82050106141      000                        1421060106                              100106000000000400006500016000000000000270663101090106              0000000000000000000000000000000000000000000000004000000000000000000000000000001090106                         0000000000000000000000000                                             000020
102021974950001161584870000003760                             82050108144      000                        1421060106                              100106000000000400007347476000000000000270663101090106              0000000000000000000000000000000000000000000000004000000000000000000000000000001090106                         0000000000000000000000000                                             000021
102021974950001161584870000003760                             82050110149      000                        1421060106                              100106000000000400006500016000000000000270663101090106              0000000000000000000000000000000000000000000000004000000000000000000000000000001090106                         0000000000000000000000000                                             000022
102021974950001161584870000003760                             82050117143      000                        1421060106                              100106000000000400010400531000000000000125647101090106              0000000000000000000000000000000000000000000000004000000000000000000000000000001090106                         0000000000000000000000000                                             000023
102021974950001161584870000003760                             82050123143      000                        1421060106                              100106000000000400006500016000000000000270663101090106              0000000000000000000000000000000000000000000000004000000000000000000000000000001090106                         0000000000000000000000000                                             000024
102021974950001161584870000003760                             82050205140      000                        1421060106                              100106000000000400006500016000000000000270663101090106              0000000000000000000000000000000000000000000000004000000000000000000000000000001090106                         0000000000000000000000000                                             000025
102021974950001161584870000003760                             82050206146      000                        1421060106                              100106000000000400006500016000000000000270663101090106              0000000000000000000000000000000000000000000000004000000000000000000000000000001090106                         0000000000000000000000000                                             000026
102021974950001161584870000003760                             82050216141      000                        1421060106                              100106000000000400010400531000000000000125647101090106              0000000000000000000000000000000000000000000000004000000000000000000000000000001090106                         0000000000000000000000000                                             000027
102021974950001161584870000003760                             82050229146      000                        1421060106                              100106000000000400006500016000000000000270663101090106              0000000000000000000000000000000000000000000000004000000000000000000000000000001090106                         0000000000000000000000000                                             000028
102021974950001161584870000003760                             82050235146      000                        1421060106                              100106000000000400006500016000000000000270663101090106              0000000000000000000000000000000000000000000000004000000000000000000000000000001090106                         0000000000000000000000000                                             000029
102021974950001161584870000003760                             82050311144      000                        1421060106                              000000000000000860039928996000000000000270663101090106              0000000000000000000000000000000000000000000000008600000000000000000000000000001090106                         0000000000000000000000000                                             000030
102021974950001161584870000003760                             82050319137      000                        1421060106                              101205000000000860010427782000000000000125647101090106              0000000000000000000000000000000000000000000000009004000000000040400000000000001090106                         0000000000000000000000000                                             000031
102021974950001161584870000003760                             82050322146      000                        1421060106                              100106000000000860010427782000000000000125647101090106              0000000000000000000000000000000000000000000000008600000000000000000000000000001090106                         0000000000000000000000000                                             000032
102021974950001161584870000003760                             82050324149      000                        1421060106                              100106000000000860010427782000000000000125647101090106              0000000000000000000000000000000000000000000000008600000000000000000000000000001090106                         0000000000000000000000000                                             000033
102021974950001161584870000003760                             82060140156      000                        1421060106                              150106000000000860010430171000000000000125647101090106              0000000000000000000000000000000000000000000000008600000000000000000000000000001090106                         0000000000000000000000000                                             000034
102021974950001161584870000003760                             82060148157      000                        1421060106                              150106000000000860010430171000000000000125647101090106              0000000000000000000000000000000000000000000000008600000000000000000000000000001090106                         0000000000000000000000000                                             000035
102021974950001161584870000003760                             82070107135      000                        1421060106                              101205000000000860010410286000000000000125647101090106              0000000000000000000000000000000000000000000000008799000000000019900000000000001090106                         0000000000000000000000000                                             000036
102021974950001161584870000003760                             82070112147      000                        1421060106                              100106000000000860023731906000000000000270663101090106              0000000000000000000000000000000000000000000000008600000000000000000000000000001090106                         0000000000000000000000000                                             000037
102021974950001161584870000003760                             82070126148      000                        1421060106                              000000000000000860039928996000000000000270663101090106              0000000000000000000000000000000000000000000000008600000000000000000000000000001090106                         0000000000000000000000000                                             000038
102021974950001161584870000003760                             82070224140      000                        1421060106                              100106000000000860010406785000000000000125647101090106              0000000000000000000000000000000000000000000000008600000000000000000000000000001090106                         0000000000000000000000000                                             000039
102021974950001161584870000003760                             82070524135      000                        1421060106                              151205000000000860010400469000000000000125647101090106              0000000000000000000000000000000000000000000000008961000000000036100000000000001090106                         0000000000000000000000000                                             000040
102021974950001161584870000003760                             82090110140      000                        1421060106                              100106000000000750010400540000000000000125647101090106              0000000000000000000000000000000000000000000000007500000000000000000000000000001090106                         0000000000000000000000000                                             000041
102021974950001161584870000003760                             82090304149      000                        1421060106                              100106000000000750006500016000000000000270663101090106              0000000000000000000000000000000000000000000000007500000000000000000000000000001090106                         0000000000000000000000000                                             000042
102021974950001161584870000003760                             82090304157      000                        1421060106                              100206000000000750006500016000000000000270663101090106              0000000000000000000000000000000000000000000000007500000000000000000000000000001090106                         0000000000000000000000000                                             000043
102021974950001161584870000003760                             82090304165      000                        1421060106                              100306000000000750006500016000000000000270663101090106              0000000000000000000000000000000000000000000000007500000000000000000000000000001090106                         0000000000000000000000000                                             000044
102021974950001161584870000003760                             82090323143      000                        1421060106                              100106000000000750010400540000000000000125647101090106              0000000000000000000000000000000000000000000000007500000000000000000000000000001090106                         0000000000000000000000000                                             000045
102021974950001161584870000003760                             82090420149      000                        1421060106                              100106000000000750010400540000000000000125647101090106              0000000000000000000000000000000000000000000000007500000000000000000000000000001090106                         0000000000000000000000000                                             000046
102021974950001161584870000003760                             82090506132      000                        1421060106                              101205000000000375010408770000000000000125647101090106              0000000000000000000000000000000000000000000000003932000000000018200000000000001090106                         0000000000000000000000000                                             000047
102021974950001161584870000003760                             82090605149      000                        1421060106                              100106000000000375010408770000000000000125647101090106              0000000000000000000000000000000000000000000000003750000000000000000000000000001090106                         0000000000000000000000000                                             000048
102021974950001161584870000003760                             82090705143      000                        1421060106                              100106000000000750006500016000000000000270663101090106              0000000000000000000000000000000000000000000000007500000000000000000000000000001090106                         0000000000000000000000000                                             000049
102021974950001161584870000003760                             82091102140      000                        1421060106                              100106000000000750010408770000000000000125647101090106              0000000000000000000000000000000000000000000000007500000000000000000000000000001090106                         0000000000000000000000000                                             000050
102021974950001161584870000003760                             82091216146      000                        1421060106                              100106000000000750010400540000000000000125647101090106              0000000000000000000000000000000000000000000000007500000000000000000000000000001090106                         0000000000000000000000000                                             000051
102021974950001161584870000003760                             82110101132      000                        1421060106                              100106000000000750010407765000000000000125647101090106              0000000000000000000000000000000000000000000000007500000000000000000000000000001090106                         0000000000000000000000000                                             000052
102021974950001161584870000003760                             82110206139      000                        1421060106                              100106000000000450010407765000000000000125647101090106              0000000000000000000000000000000000000000000000004500000000000000000000000000001090106                         0000000000000000000000000                                             000053
102021974950001161584870000003760                             82110208131      000                        1421060106                              100106000000000450010407765000000000000125620101090106              0000000000000000000000000000000000000000000000004500000000000000000000000000001090106                         0000000000000000000000000                                             000054
102021974950001161584870000003760                             82110212139      000                        1421060106                              100106000000000450010407765000000000000125620101090106              0000000000000000000000000000000000000000000000004500000000000000000000000000001090106                         0000000000000000000000000                                             000055
102021974950001161584870000003760                             82110222126      000                        1421060106                              101205000000000450010407765000000000000240655100060106              0000000000000000000000000000000000000000000000004725000000000022500000000000001060106                         0000000000000000000000000                                             000056
102021974950001161584870000003760                             82120112145      000                        1421060106                              100106000000000650010421245000000000000125647101090106              0000000000000000000000000000000000000000000000006500000000000000000000000000001090106                         0000000000000000000000000                                             000057
102021974950001161584870000003760                             82120114148      000                        1421060106                              100106000000000650010421245000000000000125647101090106              0000000000000000000000000000000000000000000000006500000000000000000000000000001090106                         0000000000000000000000000                                             000058
102021974950001161584870000003760                             82130111150      000                        1421060106                              100106000000000860010409148000000000000125647101090106              0000000000000000000000000000000000000000000000008600000000000000000000000000001090106                         0000000000000000000000000                                             000059
102021974950001161584870000003760                             82130222156      000                        1421060106                              100106000000000860010409148000000000000125647101090106              0000000000000000000000000000000000000000000000008600000000000000000000000000001090106                         0000000000000000000000000                                             000060
9201104                                                                                                                                                                                                                                                                                                                                                                                                   000061
