02RETORNO01COBRANCA       1584870000003760    IPAD                          104C ECON FEDERAL 050506                                                                                                                                                                                                                                                                                                 00196000001
102021974950001161584870000003760                             82000042581      000                        1421050506                              000000000000000760010406513000000000000125647101080506              0000000000000000000000000000000000000000000000007600000000000000000000000000001080506                         0000000000000000000000000                                             000002
102021974950001161584870000003760                             82000042921      000                        1421050506                              000000000000000860075641796000000000000270663101080506              0000000000000000000000000000000000000000000000008600000000000000000000000000001080506                         0000000000000000000000000                                             000003
102021974950001161584870000003760                             82000044541      000                        1421050506                              000000000000000760010400450000000000000125647101080506              0000000000000000000000000000000000000000000000007600000000000000000000000000001080506                         0000000000000000000000000                                             000004
102021974950001161584870000003760                             82000044606      000                        1421050506                              000000000000000760010410308000000000000125647101080506              0000000000000000000000000000000000000000000000007600000000000000000000000000001080506                         0000000000000000000000000                                             000005
102021974950001161584870000003760                             82000044622      000                        1421050506                              000000000000000760039928996000000000000270663101080506              0000000000000000000000000000000000000000000000007600000000000000000000000000001080506                         0000000000000000000000000                                             000006
102021974950001161584870000003760                             82000044630      000                        1421050506                              000000000000000760010409172000000000000125647101080506              0000000000000000000000000000000000000000000000007600000000000000000000000000001080506                         0000000000000000000000000                                             000007
102021974950001161584870000003760                             82010109158      000                        1421050506                              100306000000000375010414338000000000000240655100050506              0000000000000000000000000000000000000000000000003974000000000022400000000000001050506                         0000000000000000000000000                                             000008
102021974950001161584870000003760                             82010109166      000                        1421050506                              100406000000000375010414338000000000000240655100050506              0000000000000000000000000000000000000000000000003850000000000010000000000000001050506                         0000000000000000000000000                                             000009
102021974950001161584870000003760                             82010206170      000                        1421050506                              100506000000000420023725426000000000000270663101080506              0000000000000000000000000000000000000000000000004200000000000000000000000000001080506                         0000000000000000000000000                                             000010
102021974950001161584870000003760                             82010208156      000                        1421050506                              100306000000000420010414338000000000000240655100050506              0000000000000000000000000000000000000000000000004519000000000031900000000000001050506                         0000000000000000000000000                                             000011
102021974950001161584870000003760                             82010213141      000                        1421050506                              100206000000000750010414338000000000000240655100050506              0000000000000000000000000000000000000000000000008322000000000082200000000000001050506                         0000000000000000000000000                                             000012
102021974950001161584870000003760                             82010213150      000                        1421050506                              100306000000000750010414338000000000000240655100050506              0000000000000000000000000000000000000000000000008098000000000059800000000000001050506                         0000000000000000000000000                                             000013
102021974950001161584870000003760                             82010213168      000                        1421050506                              100406000000000750010414338000000000000240655100050506              0000000000000000000000000000000000000000000000007850000000000035000000000000001050506                         0000000000000000000000000                                             000014
102021974950001161584870000003760                             82010225174      000                        1421050506                              100506000000000420000117546000000000000270663101080506              0000000000000000000000000000000000000000000000004200000000000000000000000000001080506                         0000000000000000000000000                                             000015
102021974950001161584870000003760                             82030109170      000                        1421050506                              100506000000000750000109176000000000000270663101080506              0000000000000000000000000000000000000000000000007500000000000000000000000000001080506                         0000000000000000000000000                                             000016
102021974950001161584870000003760                             82030132171      000                        1421050506                              100506000000000750010424465000000000000125647101080506              0000000000000000000000000000000000000000000000007500000000000000000000000000001080506                         0000000000000000000000000                                             000017
102021974950001161584870000003760                             82040519168      000                        1421050506                              000000000000000860039928996000000000000270663101080506              0000000000000000000000000000000000000000000000008600000000000000000000000000001080506                         0000000000000000000000000                                             000018
102021974950001161584870000003760                             82060202178      000                        1421050506                              100506000000000860010421911000000000000125647101080506              0000000000000000000000000000000000000000000000008600000000000000000000000000001080506                         0000000000000000000000000                                             000019
102021974950001161584870000003760                             82060313174      000                        1421050506                              150506000000000860010425461000000000000125647101080506              0000000000000000000000000000000000000000000000008600000000000000000000000000001080506                         0000000000000000000000000                                             000020
102021974950001161584870000003760                             82090232148      000                        1421050506                              100406000000000750010412424000000000000125647101080506              0000000000000000000000000000000000000000000000007838000000000033800000000000001080506                         0000000000000000000000000                                             000021
102021974950001161584870000003760                             82090807140      000                        1421050506                              100306000000000450010408770000000000000125647101080506              0000000000000000000000000000000000000000000000004647000000000014700000000000001080506                         0000000000000000000000000                                             000022
102021974950001161584870000003760                             82090916179      000                        1421050506                              100406000000000750010408770000000000000125647101080506              0000000000000000000000000000000000000000000000007750000000000025000000000000001080506                         0000000000000000000000000                                             000023
102021974950001161584870000003760                             82110335176      000                        1421050506                              100506000000000860010407765000000000000125647101080506              0000000000000000000000000000000000000000000000008600000000000000000000000000001080506                         0000000000000000000000000                                             000024
9201104                                                                                                                                                                                                                                                                                                                                                                                                   000025
