02RETORNO01COBRANCA       1584870000003760    IPAD                          104C ECON FEDERAL 071106                                                                                                                                                                                                                                                                                                 00324000001
102021974950001161584870000003760                             82030208160      000                        1421071106                              101106000000000760010409156000000000000125647101081106              0000000000000000000000000000000000000000000000007600000000000000000000000000001081106                         0000000000000000000000000                                             000002
102021974950001161584870000003760                             82030222154      000                        1421071106                              101006000000000760010409156000000000000125647101081106              0000000000000000000000000000000000000000000000007965000000000036500000000000001081106                         0000000000000000000000000                                             000003
102021974950001161584870000003760                             82030229167      000                        1421071106                              101106000000000760075641796000000000000270663101081106              0000000000000000000000000000000000000000000000007600000000000000000000000000001081106                         0000000000000000000000000                                             000004
102021974950001161584870000003760                             82030517154      000                        1421071106                              151106000000000760006500016000000000000270663101081106              0000000000000000000000000000000000000000000000007600000000000000000000000000001081106                         0000000000000000000000000                                             000005
102021974950001161584870000003760                             82030527133      000                        1421071106                              150906000000000760010409148000000000000125647101081106              0000000000000000000000000000000000000000000000008180000000000058000000000000001081106                         0000000000000000000000000                                             000006
102021974950001161584870000003760                             82030548157      000                        1421071106                              151106000000000760010409148000000000000125620101081106              0000000000000000000000000000000000000000000000007600000000000000000000000000001081106                         0000000000000000000000000                                             000007
102021974950001161584870000003760                             82030816143      000                        1421071106                              151106000000000760010409156000000000000125647101081106              0000000000000000000000000000000000000000000000007600000000000000000000000000001081106                         0000000000000000000000000                                             000008
102021974950001161584870000003760                             82030920153      000                        1421071106                              101106000000000760010407757000000000000125647101081106              0000000000000000000000000000000000000000000000007600000000000000000000000000001081106                         0000000000000000000000000                                             000009
102021974950001161584870000003760                             82030932151      000                        1421071106                              101106000000000760000122296000000000000270663101081106              0000000000000000000000000000000000000000000000007600000000000000000000000000001081106                         0000000000000000000000000                                             000010
102021974950001161584870000003760                             82060406148      000                        1421071106                              101006000000000760010410286000000000000125647101081106              0000000000000000000000000000000000000000000000007964000000000036400000000000001081106                         0000000000000000000000000                                             000011
102021974950001161584870000003760                             82060502155      000                        1421071106                              101106000000000760010409440000000000000125647101081106              0000000000000000000000000000000000000000000000007600000000000000000000000000001081106                         0000000000000000000000000                                             000012
102021974950001161584870000003760                             82060507157      000                        1421071106                              000000000000000760039928996000000000000270663101081106              0000000000000000000000000000000000000000000000007600000000000000000000000000001081106                         0000000000000000000000000                                             000013
102021974950001161584870000003760                             82060722163      000                        1421071106                              151006000000000860010410286000000000000125647101081106              0000000000000000000000000000000000000000000000008956000000000035600000000000001081106                         0000000000000000000000000                                             000014
102021974950001161584870000003760                             82060722171      000                        1421071106                              151106000000000860010410286000000000000125647101081106              0000000000000000000000000000000000000000000000008600000000000000000000000000001081106                         0000000000000000000000000                                             000015
102021974950001161584870000003760                             82060908151      000                        1421071106                              000000000000000760039928996000000000000270663101081106              0000000000000000000000000000000000000000000000007600000000000000000000000000001081106                         0000000000000000000000000                                             000016
102021974950001161584870000003760                             82060917150      000                        1421071106                              101106000000000760010410308000000000000125647101081106              0000000000000000000000000000000000000000000000007600000000000000000000000000001081106                         0000000000000000000000000                                             000017
102021974950001161584870000003760                             82060928136      000                        1421071106                              101006000000000760010410308000000000000125647101081106              0000000000000000000000000000000000000000000000007964000000000036400000000000001081106                         0000000000000000000000000                                             000018
102021974950001161584870000003760                             82060928144      000                        1421071106                              101106000000000760010410308000000000000125647101081106              0000000000000000000000000000000000000000000000007600000000000000000000000000001081106                         0000000000000000000000000                                             000019
102021974950001161584870000003760                             82070710150      000                        1421071106                              201106000000000760006500016000000000000270663101081106              0000000000000000000000000000000000000000000000007600000000000000000000000000001081106                         0000000000000000000000000                                             000020
102021974950001161584870000003760                             82070728156      000                        1421071106                              201106000000000760006500016000000000000270663101081106              0000000000000000000000000000000000000000000000007600000000000000000000000000001081106                         0000000000000000000000000                                             000021
102021974950001161584870000003760                             82071219158      000                        1421071106                              101106000000000760000128056000000000000270663101081106              0000000000000000000000000000000000000000000000007600000000000000000000000000001081106                         0000000000000000000000000                                             000022
102021974950001161584870000003760                             82071222159      000                        1421071106                              000000000000000760039928996000000000000270663101081106              0000000000000000000000000000000000000000000000007600000000000000000000000000001081106                         0000000000000000000000000                                             000023
102021974950001161584870000003760                             82110624160      000                        1421071106                              200906000000000750010407765000000000000125647101081106              0000000000000000000000000000000000000000000000007988000000000048800000000000001081106                         0000000000000000000000000                                             000024
102021974950001161584870000003760                             82130412125      000                        1421071106                              101106000000000760010409148000000000000125647101081106              0000000000000000000000000000000000000000000000007600000000000000000000000000001081106                         0000000000000000000000000                                             000025
102021974950001161584870000003760                             82130414128      000                        1421071106                              101106000000000760006500016000000000000270663101081106              0000000000000000000000000000000000000000000000007600000000000000000000000000001081106                         0000000000000000000000000                                             000026
102021974950001161584870000003760                             82130431120      000                        1421071106                              101106000000000760010409148000000000000125647101081106              0000000000000000000000000000000000000000000000007600000000000000000000000000001081106                         0000000000000000000000000                                             000027
9201104                                                                                                                                                                                                                                                                                                                                                                                                   000028
