02RETORNO01COBRANCA       1584870000003760    IPAD                          104C ECON FEDERAL 080805                                                                                                                                                                                                                                                                                                 00021000001
102021974950001161584870000003760                             82999006996      000                        1421080805                              100805000000001000010415830000000000000240655100080805              0000000000000000000000000000000000000000000000010000000000000000000000000000001080805                         0000000000000000000000000                                             000002
102021974950001161584870000003760                             82999373794      000                        1421080805                              100805000000000860010414338000000000000240655100080805              0000000000000000000000000000000000000000000000008600000000000000000000000000001080805                         0000000000000000000000000                                             000003
102021974950001161584870000003760                             82999374723      000                        1421080805                              100805000000000860010408770000000000000125647101090805              0000000000000000000000000000000000000000000000008600000000000000000000000000001090805                         0000000000000000000000000                                             000004
102021974950001161584870000003760                             82999374740      000                        1421080805                              100805000000000860074500016000000000000270663101090805              0000000000000000000000000000000000000000000000008600000000000000000000000000001090805                         0000000000000000000000000                                             000005
102021974950001161584870000003760                             82999374766      000                        1421080805                              100805000000000860074500016000000000000270663101090805              0000000000000000000000000000000000000000000000008600000000000000000000000000001090805                         0000000000000000000000000                                             000006
102021974950001161584870000003760                             82999374782      000                        1421080805                              100805000000000860074500016000000000000270663101090805              0000000000000000000000000000000000000000000000008600000000000000000000000000001090805                         0000000000000000000000000                                             000007
102021974950001161584870000003760                             82999374995      000                        1421080805                              100805000000000860010400540000000000000125647101090805              0000000000000000000000000000000000000000000000008600000000000000000000000000001090805                         0000000000000000000000000                                             000008
102021974950001161584870000003760                             82999375207      000                        1421080805                              100805000000000860010400540000000000000125647101090805              0000000000000000000000000000000000000000000000008600000000000000000000000000001090805                         0000000000000000000000000                                             000009
102021974950001161584870000003760                             82999375320      000                        1421080805                              100805000000000860010400523000000000000125647101090805              0000000000000000000000000000000000000000000000008600000000000000000000000000001090805                         0000000000000000000000000                                             000010
102021974950001161584870000003760                             82999375460      000                        1421080805                              100805000000000860010400523000000000000125647101090805              0000000000000000000000000000000000000000000000008600000000000000000000000000001090805                         0000000000000000000000000                                             000011
102021974950001161584870000003760                             82999375509      000                        1421080805                              100805000000000860010400523000000000000125647101090805              0000000000000000000000000000000000000000000000008600000000000000000000000000001090805                         0000000000000000000000000                                             000012
102021974950001161584870000003760                             82999375584      000                        1421080805                              100805000000000860010400523000000000000125647101090805              0000000000000000000000000000000000000000000000008600000000000000000000000000001090805                         0000000000000000000000000                                             000013
102021974950001161584870000003760                             82999379385      000                        1421080805                              100805000000000860010430171000000000000125647101090805              0000000000000000000000000000000000000000000000008600000000000000000000000000001090805                         0000000000000000000000000                                             000014
102021974950001161584870000003760                             82999379407      000                        1421080805                              100805000000000860010430171000000000000125647101090805              0000000000000000000000000000000000000000000000008600000000000000000000000000001090805                         0000000000000000000000000                                             000015
102021974950001161584870000003760                             82999379423      000                        1421080805                              100805000000000860010430171000000000000125647101090805              0000000000000000000000000000000000000000000000008600000000000000000000000000001090805                         0000000000000000000000000                                             000016
102021974950001161584870000003760                             82999379440      000                        1421080805                              100805000000000860010430171000000000000125647101090805              0000000000000000000000000000000000000000000000008600000000000000000000000000001090805                         0000000000000000000000000                                             000017
102021974950001161584870000003760                             82999379466      000                        1421080805                              100805000000000860010430171000000000000125647101090805              0000000000000000000000000000000000000000000000008600000000000000000000000000001090805                         0000000000000000000000000                                             000018
102021974950001161584870000003760                             82999379504      000                        1421080805                              100805000000000860010430171000000000000125647101090805              0000000000000000000000000000000000000000000000008600000000000000000000000000001090805                         0000000000000000000000000                                             000019
102021974950001161584870000003760                             82999379520      000                        1421080805                              100805000000000860010430171000000000000125647101090805              0000000000000000000000000000000000000000000000008600000000000000000000000000001090805                         0000000000000000000000000                                             000020
102021974950001161584870000003760                             82999382181      000                        1421080805                              100805000000000860010409148000000000000125647101090805              0000000000000000000000000000000000000000000000008600000000000000000000000000001090805                         0000000000000000000000000                                             000021
102021974950001161584870000003760                             82999383080      000                        1421080805                              100805000000000860000121076000000000000270663101090805              0000000000000000000000000000000000000000000000008600000000000000000000000000001090805                         0000000000000000000000000                                             000022
102021974950001161584870000003760                             82999384044      000                        1421080805                              100805000000000860010400523000000000000125647101090805              0000000000000000000000000000000000000000000000008600000000000000000000000000001090805                         0000000000000000000000000                                             000023
102021974950001161584870000003760                             82999384060      000                        1421080805                              100805000000000860010400523000000000000125647101090805              0000000000000000000000000000000000000000000000008600000000000000000000000000001090805                         0000000000000000000000000                                             000024
102021974950001161584870000003760                             82999384729      000                        1421080805                              100805000000000860010400523000000000000125647101090805              0000000000000000000000000000000000000000000000008600000000000000000000000000001090805                         0000000000000000000000000                                             000025
9201104                                                                                                                                                                                                                                                                                                                                                                                                   000026
