02RETORNO01COBRANCA       1584870000003760    IPAD                          104C ECON FEDERAL 261005                                                                                                                                                                                                                                                                                                 00067000001
102021974950001161584870000003760                             82040109121      000                        1421261005                              101105000000000430075641796000000000000270663101271005              0000000000000000000000000000000000000000000000004300000000000000000000000000001271005                         0000000000000000000000000                                             000002
102021974950001161584870000003760                             82090415129      000                        1421261005                              101105000000000640010400540000000000000125647101271005              0000000000000000000000000000000000000000000000006400000000000000000000000000001271005                         0000000000000000000000000                                             000003
102021974950001161584870000003760                             82999026644      000                        1421261005                              000000000000000860039928996000000000000270663101271005              0000000000000000000000000000000000000000000000008600000000000000000000000000001271005                         0000000000000000000000000                                             000004
102021974950001161584870000003760                             82999028760      000                        1421261005                              151105000000000860006500016000000000000270663101271005              0000000000000000000000000000000000000000000000008600000000000000000000000000001271005                         0000000000000000000000000                                             000005
102021974950001161584870000003760                             82999028787      000                        1421261005                              151105000000000860010421911000000000000125647101271005              0000000000000000000000000000000000000000000000008600000000000000000000000000001271005                         0000000000000000000000000                                             000006
9201104                                                                                                                                                                                                                                                                                                                                                                                                   000007
