02RETORNO01COBRANCA       1584870000003760    IPAD                          104C ECON FEDERAL 041105                                                                                                                                                                                                                                                                                                 00073000001
102021974950001161584870000003760                             82040221126      000                        1421041105                              101105000000000430010400523000000000000125647101071105              0000000000000000000000000000000000000000000000004300000000000000000000000000001071105                         0000000000000000000000000                                             000002
102021974950001161584870000003760                             82040226128      000                        1421041105                              101105000000000430010400523000000000000125647101071105              0000000000000000000000000000000000000000000000004300000000000000000000000000001071105                         0000000000000000000000000                                             000003
102021974950001161584870000003760                             82040227124      000                        1421041105                              101105000000000430010400523000000000000125647101071105              0000000000000000000000000000000000000000000000004300000000000000000000000000001071105                         0000000000000000000000000                                             000004
102021974950001161584870000003760                             82040235127      000                        1421041105                              101105000000000430010400523000000000000125647101071105              0000000000000000000000000000000000000000000000004300000000000000000000000000001071105                         0000000000000000000000000                                             000005
102021974950001161584870000003760                             82040422121      000                        1421041105                              101105000000000860010400523000000000000125620101071105              0000000000000000000000000000000000000000000000008600000000000000000000000000001071105                         0000000000000000000000000                                             000006
102021974950001161584870000003760                             82050106125      000                        1421041105                              101105000000000400006500016000000000000270663101071105              0000000000000000000000000000000000000000000000004000000000000000000000000000001071105                         0000000000000000000000000                                             000007
102021974950001161584870000003760                             82050107121      000                        1421041105                              101105000000000400006500016000000000000270663101071105              0000000000000000000000000000000000000000000000004000000000000000000000000000001071105                         0000000000000000000000000                                             000008
102021974950001161584870000003760                             82050114128      000                        1421041105                              101105000000000400006500016000000000000270663101071105              0000000000000000000000000000000000000000000000004000000000000000000000000000001071105                         0000000000000000000000000                                             000009
102021974950001161584870000003760                             82050119120      000                        1421041105                              101105000000000400006500016000000000000270663101071105              0000000000000000000000000000000000000000000000004000000000000000000000000000001071105                         0000000000000000000000000                                             000010
102021974950001161584870000003760                             82050121124      000                        1421041105                              101105000000000400006500016000000000000270663101071105              0000000000000000000000000000000000000000000000004000000000000000000000000000001071105                         0000000000000000000000000                                             000011
102021974950001161584870000003760                             82050127122      000                        1421041105                              101105000000000400006500016000000000000270663101071105              0000000000000000000000000000000000000000000000004000000000000000000000000000001071105                         0000000000000000000000000                                             000012
102021974950001161584870000003760                             82050132126      000                        1421041105                              101105000000000400006500016000000000000270663101071105              0000000000000000000000000000000000000000000000004000000000000000000000000000001071105                         0000000000000000000000000                                             000013
102021974950001161584870000003760                             82050134129      000                        1421041105                              101105000000000400006500016000000000000270663101071105              0000000000000000000000000000000000000000000000004000000000000000000000000000001071105                         0000000000000000000000000                                             000014
102021974950001161584870000003760                             82050207126      000                        1421041105                              101105000000000400006500016000000000000270663101071105              0000000000000000000000000000000000000000000000004000000000000000000000000000001071105                         0000000000000000000000000                                             000015
102021974950001161584870000003760                             82050235120      000                        1421041105                              101105000000000400010400531000000000000125647101071105              0000000000000000000000000000000000000000000000004000000000000000000000000000001071105                         0000000000000000000000000                                             000016
102021974950001161584870000003760                             82050308127      000                        1421041105                              101105000000000860010410383000000000000125647101071105              0000000000000000000000000000000000000000000000008600000000000000000000000000001071105                         0000000000000000000000000                                             000017
102021974950001161584870000003760                             82050311128      000                        1421041105                              101105000000000860010427782000000000000125647101071105              0000000000000000000000000000000000000000000000008600000000000000000000000000001071105                         0000000000000000000000000                                             000018
102021974950001161584870000003760                             82060139131      000                        1421041105                              000000000000000860040972486000000000000270663101071105              0000000000000000000000000000000000000000000000008600000000000000000000000000001071105                         0000000000000000000000000                                             000019
102021974950001161584870000003760                             82070103121      000                        1421041105                              000000000000000860039902866000000000000270663101071105              0000000000000000000000000000000000000000000000008600000000000000000000000000001071105                         0000000000000000000000000                                             000020
102021974950001161584870000003760                             82070112120      000                        1421041105                              101105000000000860010410286000000000000125647101071105              0000000000000000000000000000000000000000000000008600000000000000000000000000001071105                         0000000000000000000000000                                             000021
102021974950001161584870000003760                             82070118129      000                        1421041105                              101105000000000860010410286000000000000125647101071105              0000000000000000000000000000000000000000000000008600000000000000000000000000001071105                         0000000000000000000000000                                             000022
102021974950001161584870000003760                             82070231120      000                        1421041105                              101105000000000860006500016000000000000270663101071105              0000000000000000000000000000000000000000000000008600000000000000000000000000001071105                         0000000000000000000000000                                             000023
102021974950001161584870000003760                             82090302120      000                        1421041105                              101105000000000640010407749000000000000125647101071105              0000000000000000000000000000000000000000000000006400000000000000000000000000001071105                         0000000000000000000000000                                             000024
102021974950001161584870000003760                             82090308128      000                        1421041105                              101105000000000640006500016000000000000270663101071105              0000000000000000000000000000000000000000000000006400000000000000000000000000001071105                         0000000000000000000000000                                             000025
102021974950001161584870000003760                             82090322120      000                        1421041105                              101105000000000640010407749000000000000125647101071105              0000000000000000000000000000000000000000000000006400000000000000000000000000001071105                         0000000000000000000000000                                             000026
102021974950001161584870000003760                             82090431124      000                        1421041105                              101105000000000640010400540000000000000125647101071105              0000000000000000000000000000000000000000000000006400000000000000000000000000001071105                         0000000000000000000000000                                             000027
102021974950001161584870000003760                             82090932123      000                        1421041105                              101105000000017625000122576000000000000270663101071105              0000000000000000000000000000000000000000000000176250000000000000000000000000001071105                         0000000000000000000000000                                             000028
102021974950001161584870000003760                             82999028434      000                        1421041105                              301105000000000750006500016000000000000270663101071105              0000000000000000000000000000000000000000000000007500000000000000000000000000001071105                         0000000000000000000000000                                             000029
102021974950001161584870000003760                             82999028493      000                        1421041105                              301105000000000750006500016000000000000270663101071105              0000000000000000000000000000000000000000000000007500000000000000000000000000001071105                         0000000000000000000000000                                             000030
102021974950001161584870000003760                             82999028752      000                        1421041105                              151105000000000860010410286000000000000125647101071105              0000000000000000000000000000000000000000000000008600000000000000000000000000001071105                         0000000000000000000000000                                             000031
102021974950001161584870000003760                             82999028779      000                        1421041105                              151105000000000860006500016000000000000270663101071105              0000000000000000000000000000000000000000000000008600000000000000000000000000001071105                         0000000000000000000000000                                             000032
102021974950001161584870000003760                             82999028795      000                        1421041105                              151105000000000860010421911000000000000125647101071105              0000000000000000000000000000000000000000000000008600000000000000000000000000001071105                         0000000000000000000000000                                             000033
102021974950001161584870000003760                             82999028841      000                        1421041105                              151105000000000860010421911000000000000125647101071105              0000000000000000000000000000000000000000000000008600000000000000000000000000001071105                         0000000000000000000000000                                             000034
9201104                                                                                                                                                                                                                                                                                                                                                                                                   000035
