02RETORNO01COBRANCA       1584870000003760    IPAD                          104C ECON FEDERAL 080506                                                                                                                                                                                                                                                                                                 00197000001
102021974950001161584870000003760                             82000039734      000                        1421080506                              000000000000000760010405592000000000000125647101090506              0000000000000000000000000000000000000000000000007600000000000000000000000000001090506                         0000000000000000000000000                                             000002
102021974950001161584870000003760                             82000040503      000                        1421080506                              000000000000000760006500016000000000000270663101090506              0000000000000000000000000000000000000000000000007600000000000000000000000000001090506                         0000000000000000000000000                                             000003
102021974950001161584870000003760                             82000044649      000                        1421080506                              000000000000000760010410286000000000000125647101090506              0000000000000000000000000000000000000000000000007600000000000000000000000000001090506                         0000000000000000000000000                                             000004
102021974950001161584870000003760                             82010123177      000                        1421080506                              100506000000000750010414338000000000000125647101090506              0000000000000000000000000000000000000000000000007500000000000000000000000000001090506                         0000000000000000000000000                                             000005
102021974950001161584870000003760                             82010138174      000                        1421080506                              100506000000002625006500016000000000000270663101090506              0000000000000000000000000000000000000000000000026250000000000000000000000000001090506                         0000000000000000000000000                                             000006
102021974950001161584870000003760                             82010214164      000                        1421080506                              100406000000000420010414338000000000000240655100080506              0000000000000000000000000000000000000000000000004396000000000019600000000000001080506                         0000000000000000000000000                                             000007
102021974950001161584870000003760                             82010217171      000                        1421080506                              100506000000000420006500016000000000000270663101090506              0000000000000000000000000000000000000000000000004200000000000000000000000000001090506                         0000000000000000000000000                                             000008
102021974950001161584870000003760                             82010224160      000                        1421080506                              100406000000000420010414338000000000000240655100080506              0000000000000000000000000000000000000000000000004396000000000019600000000000001080506                         0000000000000000000000000                                             000009
102021974950001161584870000003760                             82030108173      000                        1421080506                              100506000000000750010424465000000000000125647101090506              0000000000000000000000000000000000000000000000007500000000000000000000000000001090506                         0000000000000000000000000                                             000010
102021974950001161584870000003760                             82030123172      000                        1421080506                              100506000000000750010424465000000000000125647101090506              0000000000000000000000000000000000000000000000007500000000000000000000000000001090506                         0000000000000000000000000                                             000011
102021974950001161584870000003760                             82030408126      000                        1421080506                              100506000000000760010407757000000000000125647101090506              0000000000000000000000000000000000000000000000007600000000000000000000000000001090506                         0000000000000000000000000                                             000012
102021974950001161584870000003760                             82030416129      000                        1421080506                              100506000000000760010407757000000000000125647101090506              0000000000000000000000000000000000000000000000007600000000000000000000000000001090506                         0000000000000000000000000                                             000013
102021974950001161584870000003760                             82040531176      000                        1421080506                              100406000000000860010400523000000000000125647101090506              0000000000000000000000000000000000000000000000008996000000000039600000000000001090506                         0000000000000000000000000                                             000014
102021974950001161584870000003760                             82060211177      000                        1421080506                              100506000000000860010421911000000000000125647101090506              0000000000000000000000000000000000000000000000008600000000000000000000000000001090506                         0000000000000000000000000                                             000015
102021974950001161584870000003760                             82060228177      000                        1421080506                              100506000000000860075641796000000000000270663101090506              0000000000000000000000000000000000000000000000008600000000000000000000000000001090506                         0000000000000000000000000                                             000016
102021974950001161584870000003760                             82060229173      000                        1421080506                              100506000000000860075641796000000000000270663101090506              0000000000000000000000000000000000000000000000008600000000000000000000000000001090506                         0000000000000000000000000                                             000017
102021974950001161584870000003760                             82060231178      000                        1421080506                              000000000000000860039928996000000000000270663101090506              0000000000000000000000000000000000000000000000008600000000000000000000000000001090506                         0000000000000000000000000                                             000018
102021974950001161584870000003760                             82060315177      000                        1421080506                              150506000000000860075641796000000000000270663101090506              0000000000000000000000000000000000000000000000008600000000000000000000000000001090506                         0000000000000000000000000                                             000019
102021974950001161584870000003760                             82060321177      000                        1421080506                              150506000000000860075641796000000000000270663101090506              0000000000000000000000000000000000000000000000008600000000000000000000000000001090506                         0000000000000000000000000                                             000020
102021974950001161584870000003760                             82060327175      000                        1421080506                              150506000000000860006500016000000000000270663101090506              0000000000000000000000000000000000000000000000008600000000000000000000000000001090506                         0000000000000000000000000                                             000021
102021974950001161584870000003760                             82060328171      000                        1421080506                              150506000000000860006500016000000000000270663101090506              0000000000000000000000000000000000000000000000008600000000000000000000000000001090506                         0000000000000000000000000                                             000022
102021974950001161584870000003760                             82060336158      000                        1421080506                              150306000000000860010408761000000000000125647101090506              0000000000000000000000000000000000000000000000009236000000000063600000000000001090506                         0000000000000000000000000                                             000023
102021974950001161584870000003760                             82060713121      000                        1421080506                              150506000000000860035610166000000000000270663101090506              0000000000000000000000000000000000000000000000008600000000000000000000000000001090506                         0000000000000000000000000                                             000024
102021974950001161584870000003760                             82070224166      000                        1421080506                              100306000000000860010410286000000000000125647101090506              0000000000000000000000000000000000000000000000009279000000000067900000000000001090506                         0000000000000000000000000                                             000025
102021974950001161584870000003760                             82070224174      000                        1421080506                              100406000000000860010410286000000000000125647101090506              0000000000000000000000000000000000000000000000009012000000000041200000000000001090506                         0000000000000000000000000                                             000026
102021974950001161584870000003760                             82070505165      000                        1421080506                              150306000000000860010409172000000000000125647101090506              0000000000000000000000000000000000000000000000009236000000000063600000000000001090506                         0000000000000000000000000                                             000027
102021974950001161584870000003760                             82070505173      000                        1421080506                              150406000000000860010409172000000000000125647101090506              0000000000000000000000000000000000000000000000008926000000000032600000000000001090506                         0000000000000000000000000                                             000028
102021974950001161584870000003760                             82090505179      000                        1421080506                              100406000000000375010408770000000000000125647101090506              0000000000000000000000000000000000000000000000003932000000000018200000000000001090506                         0000000000000000000000000                                             000029
102021974950001161584870000003760                             82090512175      000                        1421080506                              100406000000000375010408770000000000000125647101090506              0000000000000000000000000000000000000000000000003924000000000017400000000000001090506                         0000000000000000000000000                                             000030
102021974950001161584870000003760                             82090523177      000                        1421080506                              100406000000000375010408770000000000000125647101090506              0000000000000000000000000000000000000000000000003924000000000017400000000000001090506                         0000000000000000000000000                                             000031
102021974950001161584870000003760                             82090609144      000                        1421080506                              100506000000000375010408770000000000000125647204120506              0000000000000000000000000000000000000000000000003750000000000000000000000000001120506                         0000000000000000000000000                                             000032
102021974950001161584870000003760                             82090713170      000                        1421080506                              100406000000000750010408770000000000000125647101090506              0000000000000000000000000000000000000000000000007846000000000034600000000000001090506                         0000000000000000000000000                                             000033
102021974950001161584870000003760                             82090715157      000                        1421080506                              100406000000000750010408770000000000000240655100080506              0000000000000000000000000000000000000000000000007866000000000036600000000000001080506                         0000000000000000000000000                                             000034
102021974950001161584870000003760                             82090726175      000                        1421080506                              100406000000000750010408770000000000000240655100080506              0000000000000000000000000000000000000000000000007860000000000036000000000000001080506                         0000000000000000000000000                                             000035
102021974950001161584870000003760                             82090919178      000                        1421080506                              100406000000000750010408770000000000000125647101090506              0000000000000000000000000000000000000000000000007750000000000025000000000000001090506                         0000000000000000000000000                                             000036
102021974950001161584870000003760                             82091102175      000                        1421080506                              100406000000000750010408770000000000000125647101090506              0000000000000000000000000000000000000000000000007848000000000034800000000000001090506                         0000000000000000000000000                                             000037
102021974950001161584870000003760                             82110221170      000                        1421080506                              100506000000000450006500016000000000000270663101090506              0000000000000000000000000000000000000000000000004500000000000000000000000000001090506                         0000000000000000000000000                                             000038
102021974950001161584870000003760                             82110323151      000                        1421080506                              100306000000000860010407765000000000000125647101090506              0000000000000000000000000000000000000000000000009262000000000066200000000000001090506                         0000000000000000000000000                                             000039
102021974950001161584870000003760                             82110326177      000                        1421080506                              100506000000000860010407765000000000000125647101090506              0000000000000000000000000000000000000000000000008600000000000000000000000000001090506                         0000000000000000000000000                                             000040
102021974950001161584870000003760                             82110337152      000                        1421080506                              100406000000000860010407765000000000000125647101090506              0000000000000000000000000000000000000000000000009006000000000040600000000000001090506                         0000000000000000000000000                                             000041
9201104                                                                                                                                                                                                                                                                                                                                                                                                   000042
