02RETORNO01COBRANCA       1584870000003760    IPAD                          104C ECON FEDERAL 011105                                                                                                                                                                                                                                                                                                 00071000001
102021974950001161584870000003760                             82040103123      000                        1421011105                              101105000000000430075641796000000000000270663101031105              0000000000000000000000000000000000000000000000004300000000000000000000000000001031105                         0000000000000000000000000                                             000002
102021974950001161584870000003760                             82040128126      000                        1421011105                              101105000000000430010400523000000000000125647101031105              0000000000000000000000000000000000000000000000004300000000000000000000000000001031105                         0000000000000000000000000                                             000003
102021974950001161584870000003760                             82040215126      000                        1421011105                              101105000000000430010400523000000000000125647101031105              0000000000000000000000000000000000000000000000004300000000000000000000000000001031105                         0000000000000000000000000                                             000004
102021974950001161584870000003760                             82040229127      000                        1421011105                              101105000000000430010400523000000000000125647101031105              0000000000000000000000000000000000000000000000004300000000000000000000000000001031105                         0000000000000000000000000                                             000005
102021974950001161584870000003760                             82040605129      000                        1421011105                              101105000000000860010400523000000000000125647101031105              0000000000000000000000000000000000000000000000008600000000000000000000000000001031105                         0000000000000000000000000                                             000006
102021974950001161584870000003760                             82090115125      000                        1421011105                              101105000000000640010400540000000000000125647101031105              0000000000000000000000000000000000000000000000006400000000000000000000000000001031105                         0000000000000000000000000                                             000007
102021974950001161584870000003760                             82090130124      000                        1421011105                              101105000000000640000123356000000000000270663101031105              0000000000000000000000000000000000000000000000006400000000000000000000000000001031105                         0000000000000000000000000                                             000008
102021974950001161584870000003760                             82090402124      000                        1421011105                              101105000000000640010400540000000000000125647101031105              0000000000000000000000000000000000000000000000006400000000000000000000000000001031105                         0000000000000000000000000                                             000009
102021974950001161584870000003760                             82091205128      000                        1421011105                              101105000000000640010400540000000000000125647101031105              0000000000000000000000000000000000000000000000006400000000000000000000000000001031105                         0000000000000000000000000                                             000010
102021974950001161584870000003760                             82091221123      000                        1421011105                              101105000000000640010400540000000000000125647101031105              0000000000000000000000000000000000000000000000006400000000000000000000000000001031105                         0000000000000000000000000                                             000011
102021974950001161584870000003760                             82999026970      000                        1421011105                              301105000000000860010408761000000000000125647101031105              0000000000000000000000000000000000000000000000008600000000000000000000000000001031105                         0000000000000000000000000                                             000012
102021974950001161584870000003760                             82999028213      000                        1421011105                              301105000000000750075641796000000000000270663101031105              0000000000000000000000000000000000000000000000007500000000000000000000000000001031105                         0000000000000000000000000                                             000013
102021974950001161584870000003760                             82999028701      000                        1421011105                              151105000000000860075641796000000000000270663101031105              0000000000000000000000000000000000000000000000008600000000000000000000000000001031105                         0000000000000000000000000                                             000014
102021974950001161584870000003760                             82999028906      000                        1421011105                              151105000000000860075641796000000000000270663101031105              0000000000000000000000000000000000000000000000008600000000000000000000000000001031105                         0000000000000000000000000                                             000015
9201104                                                                                                                                                                                                                                                                                                                                                                                                   000016
