02RETORNO01COBRANCA       1584870000003760    IPAD                          104C ECON FEDERAL 070206                                                                                                                                                                                                                                                                                                 00138000001
102021974950001161584870000003760                             82010121140      000                        1421070206                              100206000000000750010414338000000000000125647101080206              0000000000000000000000000000000000000000000000007500000000000000000000000000001080206                         0000000000000000000000000                                             000002
102021974950001161584870000003760                             82030116141      000                        1421070206                              100206000000000750010424465000000000000125647101080206              0000000000000000000000000000000000000000000000007500000000000000000000000000001080206                         0000000000000000000000000                                             000003
102021974950001161584870000003760                             82030125140      000                        1421070206                              100206000000000750010424465000000000000125647101080206              0000000000000000000000000000000000000000000000007500000000000000000000000000001080206                         0000000000000000000000000                                             000004
102021974950001161584870000003760                             82030134140      000                        1421070206                              100206000000000750010424465000000000000125647101080206              0000000000000000000000000000000000000000000000007500000000000000000000000000001080206                         0000000000000000000000000                                             000005
102021974950001161584870000003760                             82040104154      000                        1421070206                              100206000000000430075641796000000000000270663101080206              0000000000000000000000000000000000000000000000004300000000000000000000000000001080206                         0000000000000000000000000                                             000006
102021974950001161584870000003760                             82040107153      000                        1421070206                              100206000000000430010400523000000000000125647101080206              0000000000000000000000000000000000000000000000004300000000000000000000000000001080206                         0000000000000000000000000                                             000007
102021974950001161584870000003760                             82040108150      000                        1421070206                              100206000000000430010400523000000000000125647101080206              0000000000000000000000000000000000000000000000004300000000000000000000000000001080206                         0000000000000000000000000                                             000008
102021974950001161584870000003760                             82040119151      000                        1421070206                              100206000000000430010400523000000000000125647101080206              0000000000000000000000000000000000000000000000004300000000000000000000000000001080206                         0000000000000000000000000                                             000009
102021974950001161584870000003760                             82040122152      000                        1421070206                              100206000000000430010400523000000000000125647101080206              0000000000000000000000000000000000000000000000004300000000000000000000000000001080206                         0000000000000000000000000                                             000010
102021974950001161584870000003760                             82040133154      000                        1421070206                              100206000000000860010409156000000000000125647101080206              0000000000000000000000000000000000000000000000008600000000000000000000000000001080206                         0000000000000000000000000                                             000011
102021974950001161584870000003760                             82040216157      000                        1421070206                              100206000000000860006500016000000000000270663101080206              0000000000000000000000000000000000000000000000008600000000000000000000000000001080206                         0000000000000000000000000                                             000012
102021974950001161584870000003760                             82040221150      000                        1421070206                              100206000000000430010400523000000000000125647101080206              0000000000000000000000000000000000000000000000004300000000000000000000000000001080206                         0000000000000000000000000                                             000013
102021974950001161584870000003760                             82040223153      000                        1421070206                              100206000000000430010400523000000000000125647101080206              0000000000000000000000000000000000000000000000004300000000000000000000000000001080206                         0000000000000000000000000                                             000014
102021974950001161584870000003760                             82040228155      000                        1421070206                              100206000000000430010400523000000000000125647101080206              0000000000000000000000000000000000000000000000004300000000000000000000000000001080206                         0000000000000000000000000                                             000015
102021974950001161584870000003760                             82040236158      000                        1421070206                              100206000000000860010400523000000000000125647101080206              0000000000000000000000000000000000000000000000008600000000000000000000000000001080206                         0000000000000000000000000                                             000016
102021974950001161584870000003760                             82040308159      000                        1421070206                              100206000000000360006500016000000000000270663101080206              0000000000000000000000000000000000000000000000003600000000000000000000000000001080206                         0000000000000000000000000                                             000017
102021974950001161584870000003760                             82040415150      000                        1421070206                              100206000000000860010400523000000000000125620101080206              0000000000000000000000000000000000000000000000008600000000000000000000000000001080206                         0000000000000000000000000                                             000018
102021974950001161584870000003760                             82040711158      000                        1421070206                              100206000000000860023732146000000000000270663101080206              0000000000000000000000000000000000000000000000008600000000000000000000000000001080206                         0000000000000000000000000                                             000019
102021974950001161584870000003760                             82050116155      000                        1421070206                              100206000000000400010400531000000000000125647101080206              0000000000000000000000000000000000000000000000004000000000000000000000000000001080206                         0000000000000000000000000                                             000020
102021974950001161584870000003760                             82050119154      000                        1421070206                              100206000000000400006500016000000000000270663101080206              0000000000000000000000000000000000000000000000004000000000000000000000000000001080206                         0000000000000000000000000                                             000021
102021974950001161584870000003760                             82050131146      000                        1421070206                              100106000000000400010400531000000000000125647101080206              0000000000000000000000000000000000000000000000004192000000000019200000000000001080206                         0000000000000000000000000                                             000022
102021974950001161584870000003760                             82050136156      000                        1421070206                              100206000000000400006500016000000000000270663101080206              0000000000000000000000000000000000000000000000004000000000000000000000000000001080206                         0000000000000000000000000                                             000023
102021974950001161584870000003760                             82050212154      000                        1421070206                              100206000000000400010400531000000000000125647101080206              0000000000000000000000000000000000000000000000004000000000000000000000000000001080206                         0000000000000000000000000                                             000024
102021974950001161584870000003760                             82050224152      000                        1421070206                              100206000000000400010400531000000000000240655100070206              0000000000000000000000000000000000000000000000004000000000000000000000000000001070206                         0000000000000000000000000                                             000025
102021974950001161584870000003760                             82050306159      000                        1421070206                              100206000000000860006500016000000000000270663101080206              0000000000000000000000000000000000000000000000008600000000000000000000000000001080206                         0000000000000000000000000                                             000026
102021974950001161584870000003760                             82050311152      000                        1421070206                              000000000000000860039928996000000000000270663101080206              0000000000000000000000000000000000000000000000008600000000000000000000000000001080206                         0000000000000000000000000                                             000027
102021974950001161584870000003760                             82050318157      000                        1421070206                              100206000000000860010427782000000000000125647101080206              0000000000000000000000000000000000000000000000008600000000000000000000000000001080206                         0000000000000000000000000                                             000028
102021974950001161584870000003760                             82060120139      000                        1421070206                              100206000000000860006500016000000000000270663101080206              0000000000000000000000000000000000000000000000008600000000000000000000000000001080206                         0000000000000000000000000                                             000029
102021974950001161584870000003760                             82060139166      000                        1421070206                              100206000000000860023702866000000000000270663101080206              0000000000000000000000000000000000000000000000008600000000000000000000000000001080206                         0000000000000000000000000                                             000030
102021974950001161584870000003760                             82060210146      000                        1421070206                              100206000000000860006500016000000000000270663101080206              0000000000000000000000000000000000000000000000008600000000000000000000000000001080206                         0000000000000000000000000                                             000031
102021974950001161584870000003760                             82060215148      000                        1421070206                              100206000000000860010421911000000000000125647101080206              0000000000000000000000000000000000000000000000008600000000000000000000000000001080206                         0000000000000000000000000                                             000032
102021974950001161584870000003760                             82070113151      000                        1421070206                              100206000000000860006500016000000000000270663101080206              0000000000000000000000000000000000000000000000008600000000000000000000000000001080206                         0000000000000000000000000                                             000033
102021974950001161584870000003760                             82070129155      000                        1421070206                              100206000000000860006500016000000000000270663101080206              0000000000000000000000000000000000000000000000008600000000000000000000000000001080206                         0000000000000000000000000                                             000034
102021974950001161584870000003760                             82070214152      000                        1421070206                              100206000000000860010409172000000000000125647101080206              0000000000000000000000000000000000000000000000008600000000000000000000000000001080206                         0000000000000000000000000                                             000035
102021974950001161584870000003760                             82070523147      000                        1421070206                              150106000000000860010409237000000000000125647101080206              0000000000000000000000000000000000000000000000008969000000000036900000000000001080206                         0000000000000000000000000                                             000036
102021974950001161584870000003760                             82090117152      000                        1421070206                              000000000000000750023717836000000000000270663101080206              0000000000000000000000000000000000000000000000007500000000000000000000000000001080206                         0000000000000000000000000                                             000037
102021974950001161584870000003760                             82090322155      000                        1421070206                              100206000000000750010407749000000000000125647101080206              0000000000000000000000000000000000000000000000007500000000000000000000000000001080206                         0000000000000000000000000                                             000038
102021974950001161584870000003760                             82090502153      000                        1421070206                              100206000000000375006500016000000000000270663101080206              0000000000000000000000000000000000000000000000003750000000000000000000000000001080206                         0000000000000000000000000                                             000039
102021974950001161584870000003760                             82090503150      000                        1421070206                              100206000000000375023718776000000000000270663101080206              0000000000000000000000000000000000000000000000003750000000000000000000000000001080206                         0000000000000000000000000                                             000040
102021974950001161584870000003760                             82090506140      000                        1421070206                              100106000000000375010408770000000000000125647101080206              0000000000000000000000000000000000000000000000003935000000000018500000000000001080206                         0000000000000000000000000                                             000041
102021974950001161584870000003760                             82090517134      000                        1421070206                              101205000000000375010408770000000000000240655100070206              0000000000000000000000000000000000000000000000003968000000000021800000000000001070206                         0000000000000000000000000                                             000042
102021974950001161584870000003760                             82090517142      000                        1421070206                              100106000000000375010408770000000000000240655100070206              0000000000000000000000000000000000000000000000003930000000000018000000000000001070206                         0000000000000000000000000                                             000043
102021974950001161584870000003760                             82090525153      000                        1421070206                              100206000000000375006500016000000000000270663101080206              0000000000000000000000000000000000000000000000003750000000000000000000000000001080206                         0000000000000000000000000                                             000044
102021974950001161584870000003760                             82090630151      000                        1421070206                              100206000000000375010408770000000000000125647101080206              0000000000000000000000000000000000000000000000003750000000000000000000000000001080206                         0000000000000000000000000                                             000045
102021974950001161584870000003760                             82090812136      000                        1421070206                              100206000000000450010408770000000000000125647101080206              0000000000000000000000000000000000000000000000004500000000000000000000000000001080206                         0000000000000000000000000                                             000046
102021974950001161584870000003760                             82090834130      000                        1421070206                              100206000000000450010408770000000000000125647101080206              0000000000000000000000000000000000000000000000004500000000000000000000000000001080206                         0000000000000000000000000                                             000047
102021974950001161584870000003760                             82090901155      000                        1421070206                              100206000000000750010408770000000000000125647101080206              0000000000000000000000000000000000000000000000007500000000000000000000000000001080206                         0000000000000000000000000                                             000048
102021974950001161584870000003760                             82090913153      000                        1421070206                              100206000000000750010408770000000000000125647101080206              0000000000000000000000000000000000000000000000007500000000000000000000000000001080206                         0000000000000000000000000                                             000049
102021974950001161584870000003760                             82090924155      000                        1421070206                              100206000000000375010408770000000000000125647101080206              0000000000000000000000000000000000000000000000003750000000000000000000000000001080206                         0000000000000000000000000                                             000050
102021974950001161584870000003760                             82090934150      000                        1421070206                              100206000000000750010408770000000000000125647101080206              0000000000000000000000000000000000000000000000007500000000000000000000000000001080206                         0000000000000000000000000                                             000051
102021974950001161584870000003760                             82091124152      000                        1421070206                              100206000000000750010412424000000000000125647101080206              0000000000000000000000000000000000000000000000007500000000000000000000000000001080206                         0000000000000000000000000                                             000052
102021974950001161584870000003760                             82091129138      000                        1421070206                              101205000000000750010408770000000000000240655100070206              0000000000000000000000000000000000000000000000007935000000000043500000000000001070206                         0000000000000000000000000                                             000053
102021974950001161584870000003760                             82110326142      000                        1421070206                              100206000000000860010407765000000000000125647101080206              0000000000000000000000000000000000000000000000008600000000000000000000000000001080206                         0000000000000000000000000                                             000054
102021974950001161584870000003760                             82120108156      000                        1421070206                              100206000000000650010421245000000000000125647101080206              0000000000000000000000000000000000000000000000006500000000000000000000000000001080206                         0000000000000000000000000                                             000055
102021974950001161584870000003760                             82120110150      000                        1421070206                              100206000000000650010421245000000000000125647101080206              0000000000000000000000000000000000000000000000006500000000000000000000000000001080206                         0000000000000000000000000                                             000056
102021974950001161584870000003760                             82120121152      000                        1421070206                              100206000000000650010421245000000000000125647101080206              0000000000000000000000000000000000000000000000006500000000000000000000000000001080206                         0000000000000000000000000                                             000057
102021974950001161584870000003760                             82130111168      000                        1421070206                              100206000000000860010409148000000000000125647101080206              0000000000000000000000000000000000000000000000008600000000000000000000000000001080206                         0000000000000000000000000                                             000058
102021974950001161584870000003760                             82130218159      000                        1421070206                              100106000000000860010409148000000000000125647101080206              0000000000000000000000000000000000000000000000009076000000000047600000000000001080206                         0000000000000000000000000                                             000059
102021974950001161584870000003760                             82130222164      000                        1421070206                              100206000000000860010409148000000000000125647101080206              0000000000000000000000000000000000000000000000008600000000000000000000000000001080206                         0000000000000000000000000                                             000060
9201104                                                                                                                                                                                                                                                                                                                                                                                                   000061
