02RETORNO01COBRANCA       1584870000003760    IPAD                          104C ECON FEDERAL 081106                                                                                                                                                                                                                                                                                                 00325000001
102021974950001161584870000003760                             82000050134      000                        1421081106                              000000000000000760039928996000000000000270663101091106              0000000000000000000000000000000000000000000000007600000000000000000000000000001091106                         0000000000000000000000000                                             000002
102021974950001161584870000003760                             82010309165      000                        1421081106                              101106000000000660010409148000000000000125647101091106              0000000000000000000000000000000000000000000000006600000000000000000000000000001091106                         0000000000000000000000000                                             000003
102021974950001161584870000003760                             82010317168      000                        1421081106                              101106000000000660006500016000000000000270663101091106              0000000000000000000000000000000000000000000000006600000000000000000000000000001091106                         0000000000000000000000000                                             000004
102021974950001161584870000003760                             82030201165      000                        1421081106                              101106000000000760010409156000000000000125647101091106              0000000000000000000000000000000000000000000000007600000000000000000000000000001091106                         0000000000000000000000000                                             000005
102021974950001161584870000003760                             82030204148      000                        1421081106                              100906000000000760010409156000000000000240655100081106              0000000000000000000000000000000000000000000000007797000000000019700000000000001081106                         0000000000000000000000000                                             000006
102021974950001161584870000003760                             82030204156      000                        1421081106                              101006000000000760010409156000000000000240655100081106              0000000000000000000000000000000000000000000000007774000000000017400000000000001081106                         0000000000000000000000000                                             000007
102021974950001161584870000003760                             82030215166      000                        1421081106                              101106000000000760010409156000000000000125620101091106              0000000000000000000000000000000000000000000000007600000000000000000000000000001091106                         0000000000000000000000000                                             000008
102021974950001161584870000003760                             82030217169      000                        1421081106                              101106000000000760007347476000000000000270663101091106              0000000000000000000000000000000000000000000000007600000000000000000000000000001091106                         0000000000000000000000000                                             000009
102021974950001161584870000003760                             82030316175      000                        1421081106                              101106000000000860006500016000000000000270663101091106              0000000000000000000000000000000000000000000000008600000000000000000000000000001091106                         0000000000000000000000000                                             000010
102021974950001161584870000003760                             82030553150      000                        1421081106                              151106000000000760006500016000000000000270663101091106              0000000000000000000000000000000000000000000000007600000000000000000000000000001091106                         0000000000000000000000000                                             000011
102021974950001161584870000003760                             82030725148      000                        1421081106                              000000000000000760039928996000000000000270663101091106              0000000000000000000000000000000000000000000000007600000000000000000000000000001091106                         0000000000000000000000000                                             000012
102021974950001161584870000003760                             82030727140      000                        1421081106                              000000000000000760039928996000000000000270663101091106              0000000000000000000000000000000000000000000000007600000000000000000000000000001091106                         0000000000000000000000000                                             000013
102021974950001161584870000003760                             82060402150      000                        1421081106                              101106000000000760010410308000000000000125647101091106              0000000000000000000000000000000000000000000000007600000000000000000000000000001091106                         0000000000000000000000000                                             000014
102021974950001161584870000003760                             82060514153      000                        1421081106                              101106000000000760075641796000000000000270663101091106              0000000000000000000000000000000000000000000000007600000000000000000000000000001091106                         0000000000000000000000000                                             000015
102021974950001161584870000003760                             82060514161      000                        1421081106                              101206000000000760075641796000000000000270663101091106              0000000000000000000000000000000000000000000000007600000000000000000000000000001091106                         0000000000000000000000000                                             000016
102021974950001161584870000003760                             82060516130      000                        1421081106                              100906000000000760010421938000000000000125647101091106              0000000000000000000000000000000000000000000000008208000000000060800000000000001091106                         0000000000000000000000000                                             000017
102021974950001161584870000003760                             82060518159      000                        1421081106                              000000000000000760035606896000000000000270663101091106              0000000000000000000000000000000000000000000000007600000000000000000000000000001091106                         0000000000000000000000000                                             000018
102021974950001161584870000003760                             82060519155      000                        1421081106                              101106000000000760010415814000000000000125647101091106              0000000000000000000000000000000000000000000000007600000000000000000000000000001091106                         0000000000000000000000000                                             000019
102021974950001161584870000003760                             82060615146      000                        1421081106                              000000000000000750039928996000000000000270663101091106              0000000000000000000000000000000000000000000000007500000000000000000000000000001091106                         0000000000000000000000000                                             000020
102021974950001161584870000003760                             82060615154      000                        1421081106                              000000000000000750039928996000000000000270663101091106              0000000000000000000000000000000000000000000000007500000000000000000000000000001091106                         0000000000000000000000000                                             000021
102021974950001161584870000003760                             82060707172      000                        1421081106                              151006000000000860010400477000000000000125647101091106              0000000000000000000000000000000000000000000000008980000000000038000000000000001091106                         0000000000000000000000000                                             000022
102021974950001161584870000003760                             82060902153      000                        1421081106                              101106000000000760034131756000000000000270663101091106              0000000000000000000000000000000000000000000000007600000000000000000000000000001091106                         0000000000000000000000000                                             000023
102021974950001161584870000003760                             82060906159      000                        1421081106                              101106000000000760010400469000000000000125647101091106              0000000000000000000000000000000000000000000000007600000000000000000000000000001091106                         0000000000000000000000000                                             000024
102021974950001161584870000003760                             82070727150      000                        1421081106                              201106000000000760006500016000000000000270663101091106              0000000000000000000000000000000000000000000000007600000000000000000000000000001091106                         0000000000000000000000000                                             000025
102021974950001161584870000003760                             82071204142      000                        1421081106                              101006000000000760010400493000000000000240655100081106              0000000000000000000000000000000000000000000000007984000000000038400000000000001081106                         0000000000000000000000000                                             000026
102021974950001161584870000003760                             82071209152      000                        1421081106                              101106000000000760010400493000000000000125620101091106              0000000000000000000000000000000000000000000000007600000000000000000000000000001091106                         0000000000000000000000000                                             000027
102021974950001161584870000003760                             82071223155      000                        1421081106                              101106000000000760010400450000000000000125647101091106              0000000000000000000000000000000000000000000000007600000000000000000000000000001091106                         0000000000000000000000000                                             000028
102021974950001161584870000003760                             82071231158      000                        1421081106                              101106000000000760006500016000000000000270663101091106              0000000000000000000000000000000000000000000000007600000000000000000000000000001091106                         0000000000000000000000000                                             000029
102021974950001161584870000003760                             82110704171      000                        1421081106                              201006000000000750010407765000000000000125647101091106              0000000000000000000000000000000000000000000000007852000000000035200000000000001091106                         0000000000000000000000000                                             000030
102021974950001161584870000003760                             82110808171      000                        1421081106                              201006000000000750010407765000000000000125647101091106              0000000000000000000000000000000000000000000000007777000000000027700000000000001091106                         0000000000000000000000000                                             000031
102021974950001161584870000003760                             82111003118      000                        1421081106                              111106000000000760010407765000000000000125647101091106              0000000000000000000000000000000000000000000000007600000000000000000000000000001091106                         0000000000000000000000000                                             000032
102021974950001161584870000003760                             82130403126      000                        1421081106                              101106000000000760006500016000000000000270663101091106              0000000000000000000000000000000000000000000000007600000000000000000000000000001091106                         0000000000000000000000000                                             000033
9201104                                                                                                                                                                                                                                                                                                                                                                                                   000034
