02RETORNO01COBRANCA       1584870000003760    IPAD                          104C ECON FEDERAL 080307                                                                                                                                                                                                                                                                                                 00404000001
102021974950001161584870000003760                             82000053150      000                        1421080307                              000000000000000800010405592000000000000240655100080307              0000000000000000000000000000000000000000000000008000000000000000000000000000001080307                         0000000000000000000000000                                             000002
102021974950001161584870000003760                             82030511148      000                        1421080307                              100307000000000760007347476000000000000270663101090307              0000000000000000000000000000000000000000000000007600000000000000000000000000001090307                         0000000000000000000000000                                             000003
102021974950001161584870000003760                             82030525157      000                        1421080307                              151106000000000760010415849000000000000125647101090307              0000000000000000000000000000000000000000000000008612000000000101200000000000001090307                         0000000000000000000000000                                             000004
102021974950001161584870000003760                             82031034122      000                        1421080307                              300107000000000760010409148000000000000125647101090307              0000000000000000000000000000000000000000000000008126000000000052600000000000001090307                         0000000000000000000000000                                             000005
102021974950001161584870000003760                             82031034130      000                        1421080307                              280207000000000760010409148000000000000125647101090307              0000000000000000000000000000000000000000000000007812000000000021200000000000001090307                         0000000000000000000000000                                             000006
102021974950001161584870000003760                             82031109157      000                        1421080307                              100307000000000760010424465000000000000240655100080307              0000000000000000000000000000000000000000000000007600000000000000000000000000001080307                         0000000000000000000000000                                             000007
102021974950001161584870000003760                             82031121157      000                        1421080307                              100307000000000760010424465000000000000125647101090307              0000000000000000000000000000000000000000000000007600000000000000000000000000001090307                         0000000000000000000000000                                             000008
102021974950001161584870000003760                             82050215170      000                        1421080307                              100406000000000400010412955000000000000240655100080307              0000000000000000000000000000000000000000000000005408000000000140800000000000001080307                         0000000000000000000000000                                             000009
102021974950001161584870000003760                             82061032110      000                        1421080307                              280207000000000380010400540000000000000125647101090307              0000000000000000000000000000000000000000000000003906000000000010600000000000001090307                         0000000000000000000000000                                             000010
102021974950001161584870000003760                             82071306140      000                        1421080307                              100207000000000760010421245000000000000125647101090307              0000000000000000000000000000000000000000000000007949000000000034900000000000001090307                         0000000000000000000000000                                             000011
102021974950001161584870000003760                             82071319152      000                        1421080307                              100307000000000760039928996000000000000270663101090307              0000000000000000000000000000000000000000000000007600000000000000000000000000001090307                         0000000000000000000000000                                             000012
102021974950001161584870000003760                             82111012141      000                        1421080307                              110207000000000760010407765000000000000125647101090307              0000000000000000000000000000000000000000000000007927000000000032700000000000001090307                         0000000000000000000000000                                             000013
102021974950001161584870000003760                             82130112172      000                        1421080307                              150307000000000860010415849000000000000125647101090307              0000000000000000000000000000000000000000000000008600000000000000000000000000001090307                         0000000000000000000000000                                             000014
102021974950001161584870000003760                             82130402162      000                        1421080307                              100307000000000760006500016000000000000270663101090307              0000000000000000000000000000000000000000000000007600000000000000000000000000001090307                         0000000000000000000000000                                             000015
102021974950001161584870000003760                             82130403169      000                        1421080307                              100307000000000760010409148000000000000125620101090307              0000000000000000000000000000000000000000000000007600000000000000000000000000001090307                         0000000000000000000000000                                             000016
102021974950001161584870000003760                             82130412168      000                        1421080307                              100307000000000760010409148000000000000125647101090307              0000000000000000000000000000000000000000000000007600000000000000000000000000001090307                         0000000000000000000000000                                             000017
102021974950001161584870000003760                             82130414160      000                        1421080307                              100307000000000760006500016000000000000270663101090307              0000000000000000000000000000000000000000000000007600000000000000000000000000001090307                         0000000000000000000000000                                             000018
102021974950001161584870000003760                             82130424166      000                        1421080307                              100307000000000760023705866000000000000270663101090307              0000000000000000000000000000000000000000000000007600000000000000000000000000001090307                         0000000000000000000000000                                             000019
102021974950001161584870000003760                             82130436156      000                        1421080307                              100307000000000760010407765000000000000125647101090307              0000000000000000000000000000000000000000000000007600000000000000000000000000001090307                         0000000000000000000000000                                             000020
9201104                                                                                                                                                                                                                                                                                                                                                                                                   000021
