02RETORNO01COBRANCA       1584870000003760    IPAD                          104C ECON FEDERAL 080606                                                                                                                                                                                                                                                                                                 00220000001
102021974950001161584870000003760                             82000043987      000                        1421080606                              000000000000000760010409148000000000000125647101090606              0000000000000000000000000000000000000000000000007600000000000000000000000000001090606                         0000000000000000000000000                                             000002
102021974950001161584870000003760                             82000045394      000                        1421080606                              000000000000000760010410308000000000000125647101090606              0000000000000000000000000000000000000000000000007600000000000000000000000000001090606                         0000000000000000000000000                                             000003
102021974950001161584870000003760                             82000045416      000                        1421080606                              000000000000000860006500016000000000000270663101090606              0000000000000000000000000000000000000000000000008600000000000000000000000000001090606                         0000000000000000000000000                                             000004
102021974950001161584870000003760                             82030111174      000                        1421080606                              100506000000000750010424465000000000000240655100080606              0000000000000000000000000000000000000000000000007868000000000036800000000000001080606                         0000000000000000000000000                                             000005
102021974950001161584870000003760                             82030204113      000                        1421080606                              100606000000000760006500016000000000000270663101090606              0000000000000000000000000000000000000000000000007600000000000000000000000000001090606                         0000000000000000000000000                                             000006
102021974950001161584870000003760                             82030204121      000                        1421080606                              100706000000000760006500016000000000000270663101090606              0000000000000000000000000000000000000000000000007600000000000000000000000000001090606                         0000000000000000000000000                                             000007
102021974950001161584870000003760                             82030210113      000                        1421080606                              100606000000000760006500016000000000000270663101090606              0000000000000000000000000000000000000000000000007600000000000000000000000000001090606                         0000000000000000000000000                                             000008
102021974950001161584870000003760                             82030211110      000                        1421080606                              100606000000000760010409156000000000000125647101090606              0000000000000000000000000000000000000000000000007600000000000000000000000000001090606                         0000000000000000000000000                                             000009
102021974950001161584870000003760                             82030215115      000                        1421080606                              100606000000000760010409156000000000000125647101090606              0000000000000000000000000000000000000000000000007600000000000000000000000000001090606                         0000000000000000000000000                                             000010
102021974950001161584870000003760                             82030216111      000                        1421080606                              100606000000000760010409156000000000000125647101090606              0000000000000000000000000000000000000000000000007600000000000000000000000000001090606                         0000000000000000000000000                                             000011
102021974950001161584870000003760                             82030220119      000                        1421080606                              100606000000000760010409156000000000000125647101090606              0000000000000000000000000000000000000000000000007600000000000000000000000000001090606                         0000000000000000000000000                                             000012
102021974950001161584870000003760                             82030221115      000                        1421080606                              100606000000000760006500016000000000000270663101090606              0000000000000000000000000000000000000000000000007600000000000000000000000000001090606                         0000000000000000000000000                                             000013
102021974950001161584870000003760                             82030227113      000                        1421080606                              100606000000000760010409156000000000000125647101090606              0000000000000000000000000000000000000000000000007600000000000000000000000000001090606                         0000000000000000000000000                                             000014
102021974950001161584870000003760                             82030303120      000                        1421080606                              300406000000000860010409156000000000000125647101090606              0000000000000000000000000000000000000000000000009084000000000048400000000000001090606                         0000000000000000000000000                                             000015
102021974950001161584870000003760                             82030308130      000                        1421080606                              300506000000000860010409156000000000000125647101090606              0000000000000000000000000000000000000000000000008844000000000024400000000000001090606                         0000000000000000000000000                                             000016
102021974950001161584870000003760                             82030329137      000                        1421080606                              300506000000000860010409156000000000000125647101090606              0000000000000000000000000000000000000000000000008844000000000024400000000000001090606                         0000000000000000000000000                                             000017
102021974950001161584870000003760                             82030415130      000                        1421080606                              100606000000000760010407757000000000000125647101090606              0000000000000000000000000000000000000000000000007600000000000000000000000000001090606                         0000000000000000000000000                                             000018
102021974950001161584870000003760                             82030429131      000                        1421080606                              100606000000000760010407757000000000000125647101090606              0000000000000000000000000000000000000000000000007600000000000000000000000000001090606                         0000000000000000000000000                                             000019
102021974950001161584870000003760                             82060611132      000                        1421080606                              150606000000000750035610246000000000000270663101090606              0000000000000000000000000000000000000000000000007500000000000000000000000000001090606                         0000000000000000000000000                                             000020
102021974950001161584870000003760                             82060709132      000                        1421080606                              150606000000000860010415806000000000000125647101090606              0000000000000000000000000000000000000000000000008600000000000000000000000000001090606                         0000000000000000000000000                                             000021
102021974950001161584870000003760                             82090330158      000                        1421080606                              100506000000000750010407749000000000000125647101090606              0000000000000000000000000000000000000000000000007853000000000035300000000000001090606                         0000000000000000000000000                                             000022
102021974950001161584870000003760                             82090330166      000                        1421080606                              300506000000000750010407749000000000000125647101090606              0000000000000000000000000000000000000000000000007723000000000022300000000000001090606                         0000000000000000000000000                                             000023
9201104                                                                                                                                                                                                                                                                                                                                                                                                   000024
