02RETORNO01COBRANCA       1584870000003760    IPAD                          104C ECON FEDERAL 050107                                                                                                                                                                                                                                                                                                 00363000001
102021974950001161584870000003760                             82000050860      000                        1421050107                              050107000000000760000113596000000000000270663101080107              0000000000000000000000000000000000000000000000007600000000000000000000000000001080107                         0000000000000000000000000                                             000002
102021974950001161584870000003760                             82030550178      000                        1421050107                              150107000000000760010409148000000000000125647101080107              0000000000000000000000000000000000000000000000007600000000000000000000000000001080107                         0000000000000000000000000                                             000003
102021974950001161584870000003760                             82030932178      000                        1421050107                              100107000000000760010407757000000000000125647101080107              0000000000000000000000000000000000000000000000007600000000000000000000000000001080107                         0000000000000000000000000                                             000004
102021974950001161584870000003760                             82031019115      000                        1421050107                              301206000000000760010409148000000000000125647101080107              0000000000000000000000000000000000000000000000007797000000000019700000000000001080107                         0000000000000000000000000                                             000005
102021974950001161584870000003760                             82031029110      000                        1421050107                              301206000000000760010400523000000000000125647101080107              0000000000000000000000000000000000000000000000007600000000000000000000000000001080107                         0000000000000000000000000                                             000006
102021974950001161584870000003760                             82060418170      000                        1421050107                              000000000000000760039928996000000000000270663101080107              0000000000000000000000000000000000000000000000007600000000000000000000000000001080107                         0000000000000000000000000                                             000007
102021974950001161584870000003760                             82060525171      000                        1421050107                              100107000000000760074822036000000000000270663101080107              0000000000000000000000000000000000000000000000007600000000000000000000000000001080107                         0000000000000000000000000                                             000008
102021974950001161584870000003760                             82060902170      000                        1421050107                              000000000000000760040971256000000000000270663101080107              0000000000000000000000000000000000000000000000007600000000000000000000000000001080107                         0000000000000000000000000                                             000009
102021974950001161584870000003760                             82070710176      000                        1421050107                              200107000000000760006500016000000000000270663101080107              0000000000000000000000000000000000000000000000007600000000000000000000000000001080107                         0000000000000000000000000                                             000010
102021974950001161584870000003760                             82070722140      000                        1421050107                              201006000000000760010405592000000000000125647101080107              0000000000000000000000000000000000000000000000008337000000000073700000000000001080107                         0000000000000000000000000                                             000011
102021974950001161584870000003760                             82070724177      000                        1421050107                              000000000000000760039928996000000000000270663101080107              0000000000000000000000000000000000000000000000007600000000000000000000000000001080107                         0000000000000000000000000                                             000012
102021974950001161584870000003760                             82130402146      000                        1421050107                              100107000000000760023705866000000000000270663101080107              0000000000000000000000000000000000000000000000007600000000000000000000000000001080107                         0000000000000000000000000                                             000013
102021974950001161584870000003760                             82130431146      000                        1421050107                              100107000000000760010409148000000000000125647101080107              0000000000000000000000000000000000000000000000007600000000000000000000000000001080107                         0000000000000000000000000                                             000014
9201104                                                                                                                                                                                                                                                                                                                                                                                                   000015
