02RETORNO01COBRANCA       1584870000003760    IPAD                          104C ECON FEDERAL 090606                                                                                                                                                                                                                                                                                                 00221000001
102021974950001161584870000003760                             82000042565      000                        1421090606                              000000000000000760006500016000000000000270663101120606              0000000000000000000000000000000000000000000000007600000000000000000000000000001120606                         0000000000000000000000000                                             000002
102021974950001161584870000003760                             82000044037      000                        1421090606                              000000000000000760010409148000000000000125647101120606              0000000000000000000000000000000000000000000000007600000000000000000000000000001120606                         0000000000000000000000000                                             000003
102021974950001161584870000003760                             82000044177      000                        1421090606                              000000000000000760010409148000000000000125647101120606              0000000000000000000000000000000000000000000000007600000000000000000000000000001120606                         0000000000000000000000000                                             000004
102021974950001161584870000003760                             82000044185      000                        1421090606                              000000000000000760010409148000000000000125647101120606              0000000000000000000000000000000000000000000000007600000000000000000000000000001120606                         0000000000000000000000000                                             000005
102021974950001161584870000003760                             82000044223      000                        1421090606                              000000000000000760010409148000000000000125647101120606              0000000000000000000000000000000000000000000000007600000000000000000000000000001120606                         0000000000000000000000000                                             000006
102021974950001161584870000003760                             82000044231      000                        1421090606                              000000000000000760010409148000000000000125647101120606              0000000000000000000000000000000000000000000000007600000000000000000000000000001120606                         0000000000000000000000000                                             000007
102021974950001161584870000003760                             82010327112      000                        1421090606                              100606000000000660010409148000000000000125647101120606              0000000000000000000000000000000000000000000000006600000000000000000000000000001120606                         0000000000000000000000000                                             000008
102021974950001161584870000003760                             82030209115      000                        1421090606                              100606000000000760007347476000000000000270663101120606              0000000000000000000000000000000000000000000000007600000000000000000000000000001120606                         0000000000000000000000000                                             000009
102021974950001161584870000003760                             82030225110      000                        1421090606                              100606000000000760074822066000000000000270663101120606              0000000000000000000000000000000000000000000000007600000000000000000000000000001120606                         0000000000000000000000000                                             000010
102021974950001161584870000003760                             82030233113      000                        1421090606                              100606000000000760010409156000000000000125647101120606              0000000000000000000000000000000000000000000000007600000000000000000000000000001120606                         0000000000000000000000000                                             000011
102021974950001161584870000003760                             82030234110      000                        1421090606                              100606000000000760006500016000000000000270663101120606              0000000000000000000000000000000000000000000000007600000000000000000000000000001120606                         0000000000000000000000000                                             000012
102021974950001161584870000003760                             82030310134      000                        1421090606                              300506000000000860010409156000000000000125647101120606              0000000000000000000000000000000000000000000000008852000000000025200000000000001120606                         0000000000000000000000000                                             000013
102021974950001161584870000003760                             82030316124      000                        1421090606                              100606000000000860006500016000000000000270663101120606              0000000000000000000000000000000000000000000000008600000000000000000000000000001120606                         0000000000000000000000000                                             000014
102021974950001161584870000003760                             82030333126      000                        1421090606                              100606000000000860010409156000000000000125647101120606              0000000000000000000000000000000000000000000000008600000000000000000000000000001120606                         0000000000000000000000000                                             000015
102021974950001161584870000003760                             82030408134      000                        1421090606                              100606000000000760010407757000000000000125647101120606              0000000000000000000000000000000000000000000000007600000000000000000000000000001120606                         0000000000000000000000000                                             000016
102021974950001161584870000003760                             82030413138      000                        1421090606                              100606000000000760010407757000000000000125647101120606              0000000000000000000000000000000000000000000000007600000000000000000000000000001120606                         0000000000000000000000000                                             000017
102021974950001161584870000003760                             82030431136      000                        1421090606                              100606000000000760006500016000000000000270663101120606              0000000000000000000000000000000000000000000000007600000000000000000000000000001120606                         0000000000000000000000000                                             000018
102021974950001161584870000003760                             82040310170      000                        1421090606                              100406000000000360010400523000000000000240655100090606              0000000000000000000000000000000000000000000000003759000000000015900000000000001090606                         0000000000000000000000000                                             000019
102021974950001161584870000003760                             82040742150      000                        1421090606                              100606000000030960000111206000000000000270663101120606              0000000000000000000000000000000000000000000000309600000000000000000000000000001120606                         0000000000000000000000000                                             000020
102021974950001161584870000003760                             82040742169      000                        1421090606                              100606000000030960000111206000000000000270663101120606              0000000000000000000000000000000000000000000000309600000000000000000000000000001120606                         0000000000000000000000000                                             000021
102021974950001161584870000003760                             82060603130      000                        1421090606                              150606000000000750010412424000000000000125647101120606              0000000000000000000000000000000000000000000000007500000000000000000000000000001120606                         0000000000000000000000000                                             000022
102021974950001161584870000003760                             82090219176      000                        1421090606                              100406000000000750010400540000000000000125647101120606              0000000000000000000000000000000000000000000000008100000000000060000000000000001120606                         0000000000000000000000000                                             000023
102021974950001161584870000003760                             82090410178      000                        1421090606                              100406000000000750010412424000000000000125647101120606              0000000000000000000000000000000000000000000000007993000000000049300000000000001120606                         0000000000000000000000000                                             000024
102021974950001161584870000003760                             82090703175      000                        1421090606                              100406000000000750010408770000000000000240655100090606              0000000000000000000000000000000000000000000000007950000000000045000000000000001090606                         0000000000000000000000000                                             000025
102021974950001161584870000003760                             82090828172      000                        1421070606                              000000000000000340010408770000000000000125647101080606              0000000000000000000000000000000000000000000000003400000000000000000000000000001080606                         0000000000000000000000000                                             000026
102021974950001161584870000003760                             82090836175      000                        1421090606                              100606000000010500000104466000000000000270663101120606              0000000000000000000000000000000000000000000000105000000000000000000000000000001120606                         0000000000000000000000000                                             000027
102021974950001161584870000003760                             82110123144      000                        1421090606                              100206000000000750010407765000000000000125647101120606              0000000000000000000000000000000000000000000000008483000000000098300000000000001120606                         0000000000000000000000000                                             000028
102021974950001161584870000003760                             82110123160      000                        1421090606                              100406000000000750010407765000000000000125647101120606              0000000000000000000000000000000000000000000000008100000000000060000000000000001120606                         0000000000000000000000000                                             000029
102021974950001161584870000003760                             82110123179      000                        1421090606                              100506000000000750010407765000000000000125647101120606              0000000000000000000000000000000000000000000000007875000000000037500000000000001120606                         0000000000000000000000000                                             000030
102021974950001161584870000003760                             82120101178      000                        1421090606                              100406000000000650010421245000000000000125647101120606              0000000000000000000000000000000000000000000000006990000000000049000000000000001120606                         0000000000000000000000000                                             000031
9201104                                                                                                                                                                                                                                                                                                                                                                                                   000032
