02RETORNO01COBRANCA       1584870000003760    IPAD                          104C ECON FEDERAL 090506                                                                                                                                                                                                                                                                                                 00198000001
102021974950001161584870000003760                             82000044525      000                        1421090506                              000000000000000760010410308000000000000240655100090506              0000000000000000000000000000000000000000000000007600000000000000000000000000001090506                         0000000000000000000000000                                             000002
102021974950001161584870000003760                             82000044592      000                        1421090506                              000000000000000760010400450000000000000125647101100506              0000000000000000000000000000000000000000000000007600000000000000000000000000001100506                         0000000000000000000000000                                             000003
102021974950001161584870000003760                             82010110172      000                        1421090506                              100506000000000750000121296000000000000270663101100506              0000000000000000000000000000000000000000000000007500000000000000000000000000001100506                         0000000000000000000000000                                             000004
102021974950001161584870000003760                             82010116170      000                        1421090506                              100506000000000750007347476000000000000270663101100506              0000000000000000000000000000000000000000000000007500000000000000000000000000001100506                         0000000000000000000000000                                             000005
102021974950001161584870000003760                             82010119145      000                        1421090506                              100206000000000750010414338000000000000240655100090506              0000000000000000000000000000000000000000000000008354000000000085400000000000001090506                         0000000000000000000000000                                             000006
102021974950001161584870000003760                             82010119153      000                        1421090506                              100306000000000750010414338000000000000240655100090506              0000000000000000000000000000000000000000000000008130000000000063000000000000001090506                         0000000000000000000000000                                             000007
102021974950001161584870000003760                             82010120178      000                        1421090506                              100506000000000750010414338000000000000125647101100506              0000000000000000000000000000000000000000000000007500000000000000000000000000001100506                         0000000000000000000000000                                             000008
102021974950001161584870000003760                             82010130173      000                        1421090506                              100506000000000750010414338000000000000125647101100506              0000000000000000000000000000000000000000000000007500000000000000000000000000001100506                         0000000000000000000000000                                             000009
102021974950001161584870000003760                             82010201178      000                        1421090506                              100506000000000420023725426000000000000270663101100506              0000000000000000000000000000000000000000000000004200000000000000000000000000001100506                         0000000000000000000000000                                             000010
102021974950001161584870000003760                             82010203170      000                        1421090506                              100506000000000420000117546000000000000270663101100506              0000000000000000000000000000000000000000000000004200000000000000000000000000001100506                         0000000000000000000000000                                             000011
102021974950001161584870000003760                             82010212170      000                        1421090506                              100506000000000420006500016000000000000270663101100506              0000000000000000000000000000000000000000000000004200000000000000000000000000001100506                         0000000000000000000000000                                             000012
102021974950001161584870000003760                             82010219174      000                        1421090506                              100506000000000420010414338000000000000125647101100506              0000000000000000000000000000000000000000000000004200000000000000000000000000001100506                         0000000000000000000000000                                             000013
102021974950001161584870000003760                             82030107177      000                        1421090506                              100506000000000750010424465000000000000125647101100506              0000000000000000000000000000000000000000000000007500000000000000000000000000001100506                         0000000000000000000000000                                             000014
102021974950001161584870000003760                             82030110178      000                        1421090506                              100506000000000750010424465000000000000125647101100506              0000000000000000000000000000000000000000000000007500000000000000000000000000001100506                         0000000000000000000000000                                             000015
102021974950001161584870000003760                             82030111166      000                        1421090506                              100406000000000750010424465000000000000240655100090506              0000000000000000000000000000000000000000000000007868000000000036800000000000001090506                         0000000000000000000000000                                             000016
102021974950001161584870000003760                             82030122176      000                        1421090506                              100506000000000750010424465000000000000125647101100506              0000000000000000000000000000000000000000000000007500000000000000000000000000001100506                         0000000000000000000000000                                             000017
102021974950001161584870000003760                             82030129170      000                        1421090506                              100506000000000750010424465000000000000125647101100506              0000000000000000000000000000000000000000000000007500000000000000000000000000001100506                         0000000000000000000000000                                             000018
102021974950001161584870000003760                             82030131159      000                        1421090506                              100306000000000750010424465000000000000240655100090506              0000000000000000000000000000000000000000000000008100000000000060000000000000001090506                         0000000000000000000000000                                             000019
102021974950001161584870000003760                             82030131167      000                        1421090506                              100406000000000750010424465000000000000240655100090506              0000000000000000000000000000000000000000000000007868000000000036800000000000001090506                         0000000000000000000000000                                             000020
102021974950001161584870000003760                             82030406115      000                        1421090506                              100406000000000760010407757000000000000125647101100506              0000000000000000000000000000000000000000000000007955000000000035500000000000001100506                         0000000000000000000000000                                             000021
102021974950001161584870000003760                             82030412123      000                        1421090506                              100506000000000760010407757000000000000125647101100506              0000000000000000000000000000000000000000000000007600000000000000000000000000001100506                         0000000000000000000000000                                             000022
102021974950001161584870000003760                             82030414126      000                        1421090506                              100506000000000760010407757000000000000125647101100506              0000000000000000000000000000000000000000000000007600000000000000000000000000001100506                         0000000000000000000000000                                             000023
102021974950001161584870000003760                             82030415122      000                        1421090506                              100506000000000760010407757000000000000125647101100506              0000000000000000000000000000000000000000000000007600000000000000000000000000001100506                         0000000000000000000000000                                             000024
102021974950001161584870000003760                             82030421122      000                        1421090506                              100506000000000760010407757000000000000125647101100506              0000000000000000000000000000000000000000000000007600000000000000000000000000001100506                         0000000000000000000000000                                             000025
102021974950001161584870000003760                             82030424121      000                        1421090506                              100506000000000760010407757000000000000125647101100506              0000000000000000000000000000000000000000000000007600000000000000000000000000001100506                         0000000000000000000000000                                             000026
102021974950001161584870000003760                             82030427120      000                        1421090506                              100506000000000760010407757000000000000125647101100506              0000000000000000000000000000000000000000000000007600000000000000000000000000001100506                         0000000000000000000000000                                             000027
102021974950001161584870000003760                             82030434127      000                        1421090506                              100506000000000760010407757000000000000125647101100506              0000000000000000000000000000000000000000000000007600000000000000000000000000001100506                         0000000000000000000000000                                             000028
102021974950001161584870000003760                             82040420170      000                        1421090506                              100506000000000860006500016000000000000270663101100506              0000000000000000000000000000000000000000000000008600000000000000000000000000001100506                         0000000000000000000000000                                             000029
102021974950001161584870000003760                             82040513160      000                        1421090506                              100306000000000860010400523000000000000240655100090506              0000000000000000000000000000000000000000000000009252000000000065200000000000001090506                         0000000000000000000000000                                             000030
102021974950001161584870000003760                             82040528167      000                        1421090506                              150406000000000860010400523000000000000240655100090506              0000000000000000000000000000000000000000000000008988000000000038800000000000001090506                         0000000000000000000000000                                             000031
102021974950001161584870000003760                             82040534175      000                        1421090506                              100406000000000860010400523000000000000125647101100506              0000000000000000000000000000000000000000000000009021000000000042100000000000001100506                         0000000000000000000000000                                             000032
102021974950001161584870000003760                             82060322173      000                        1421090506                              000000000000000860039928996000000000000270663101100506              0000000000000000000000000000000000000000000000008600000000000000000000000000001100506                         0000000000000000000000000                                             000033
102021974950001161584870000003760                             82060707121      000                        1421090506                              150506000000000860010400477000000000000125647101100506              0000000000000000000000000000000000000000000000008600000000000000000000000000001100506                         0000000000000000000000000                                             000034
102021974950001161584870000003760                             82060709124      000                        1421090506                              150506000000000860010415806000000000000125647101100506              0000000000000000000000000000000000000000000000008600000000000000000000000000001100506                         0000000000000000000000000                                             000035
102021974950001161584870000003760                             82070218174      000                        1421090506                              100406000000000860010412947000000000000125647101100506              0000000000000000000000000000000000000000000000009022000000000042200000000000001100506                         0000000000000000000000000                                             000036
102021974950001161584870000003760                             82090119171      000                        1421090506                              000000000000000750039928996000000000000270663101100506              0000000000000000000000000000000000000000000000007500000000000000000000000000001100506                         0000000000000000000000000                                             000037
102021974950001161584870000003760                             82090206163      000                        1421090506                              000000000000000750039928996000000000000270663101100506              0000000000000000000000000000000000000000000000007500000000000000000000000000001100506                         0000000000000000000000000                                             000038
102021974950001161584870000003760                             82090206171      000                        1421090506                              000000000000000750039928996000000000000270663101100506              0000000000000000000000000000000000000000000000007500000000000000000000000000001100506                         0000000000000000000000000                                             000039
102021974950001161584870000003760                             82090218153      000                        1421090506                              100406000000000750010400540000000000000125647101100506              0000000000000000000000000000000000000000000000007916000000000041600000000000001100506                         0000000000000000000000000                                             000040
102021974950001161584870000003760                             82090218161      000                        1421090506                              300406000000000750010400540000000000000125647101100506              0000000000000000000000000000000000000000000000007713000000000021300000000000001100506                         0000000000000000000000000                                             000041
102021974950001161584870000003760                             82090227179      000                        1421090506                              100406000000000750010400540000000000000125647101100506              0000000000000000000000000000000000000000000000007867000000000036700000000000001100506                         0000000000000000000000000                                             000042
102021974950001161584870000003760                             82090802165      000                        1421090506                              100506000000000450000104466000000000000270663101100506              0000000000000000000000000000000000000000000000004500000000000000000000000000001100506                         0000000000000000000000000                                             000043
102021974950001161584870000003760                             82090808163      000                        1421090506                              100506000000000450010408770000000000000125647101100506              0000000000000000000000000000000000000000000000004500000000000000000000000000001100506                         0000000000000000000000000                                             000044
102021974950001161584870000003760                             82090830169      000                        1421090506                              100506000000000450010408770000000000000125647101100506              0000000000000000000000000000000000000000000000004500000000000000000000000000001100506                         0000000000000000000000000                                             000045
102021974950001161584870000003760                             82090834164      000                        1421090506                              100506000000000450010408770000000000000125647101100506              0000000000000000000000000000000000000000000000004500000000000000000000000000001100506                         0000000000000000000000000                                             000046
102021974950001161584870000003760                             82090907170      000                        1421090506                              100406000000000375010412424000000000000125647101100506              0000000000000000000000000000000000000000000000003912000000000016200000000000001100506                         0000000000000000000000000                                             000047
102021974950001161584870000003760                             82090910162      000                        1421090506                              100306000000000375010408770000000000000125647101100506              0000000000000000000000000000000000000000000000004005000000000025500000000000001100506                         0000000000000000000000000                                             000048
102021974950001161584870000003760                             82090910170      000                        1421090506                              100406000000000375010408770000000000000125647101100506              0000000000000000000000000000000000000000000000003915000000000016500000000000001100506                         0000000000000000000000000                                             000049
102021974950001161584870000003760                             82090938164      000                        1421090506                              100306000000000375010412424000000000000125647101100506              0000000000000000000000000000000000000000000000004050000000000030000000000000001100506                         0000000000000000000000000                                             000050
102021974950001161584870000003760                             82090938172      000                        1421090506                              100406000000000375010412424000000000000125647101100506              0000000000000000000000000000000000000000000000003934000000000018400000000000001100506                         0000000000000000000000000                                             000051
102021974950001161584870000003760                             82091017178      000                        1421090506                              100406000000000375010408770000000000000125647101100506              0000000000000000000000000000000000000000000000003900000000000015000000000000001100506                         0000000000000000000000000                                             000052
102021974950001161584870000003760                             82091018140      000                        1421090506                              100106000000000375010408770000000000000125647101100506              0000000000000000000000000000000000000000000000004182000000000043200000000000001100506                         0000000000000000000000000                                             000053
102021974950001161584870000003760                             82091018174      000                        1421090506                              100406000000000375010408770000000000000125647101100506              0000000000000000000000000000000000000000000000003912000000000016200000000000001100506                         0000000000000000000000000                                             000054
102021974950001161584870000003760                             82110217157      000                        1421090506                              100306000000000450010407765000000000000125647101100506              0000000000000000000000000000000000000000000000004830000000000033000000000000001100506                         0000000000000000000000000                                             000055
102021974950001161584870000003760                             82110217165      000                        1421090506                              100406000000000450010407765000000000000125647101100506              0000000000000000000000000000000000000000000000004706000000000020600000000000001100506                         0000000000000000000000000                                             000056
102021974950001161584870000003760                             82110217173      000                        1421090506                              100506000000000450010407765000000000000125647101100506              0000000000000000000000000000000000000000000000004500000000000000000000000000001100506                         0000000000000000000000000                                             000057
102021974950001161584870000003760                             82110303177      000                        1421090506                              100506000000000860010407765000000000000125647101100506              0000000000000000000000000000000000000000000000008600000000000000000000000000001100506                         0000000000000000000000000                                             000058
102021974950001161584870000003760                             82110305161      000                        1421090506                              100406000000000860010407765000000000000125647101100506              0000000000000000000000000000000000000000000000009033000000000043300000000000001100506                         0000000000000000000000000                                             000059
102021974950001161584870000003760                             82110311170      000                        1421090506                              100506000000000860010407765000000000000125647101100506              0000000000000000000000000000000000000000000000008600000000000000000000000000001100506                         0000000000000000000000000                                             000060
102021974950001161584870000003760                             82110317178      000                        1421090506                              100506000000000860010407765000000000000125647101100506              0000000000000000000000000000000000000000000000008600000000000000000000000000001100506                         0000000000000000000000000                                             000061
102021974950001161584870000003760                             82110324174      000                        1421090506                              100506000000000860010407765000000000000125647101100506              0000000000000000000000000000000000000000000000008600000000000000000000000000001100506                         0000000000000000000000000                                             000062
102021974950001161584870000003760                             82110327157      000                        1421090506                              100306000000000860010407765000000000000125647101100506              0000000000000000000000000000000000000000000000009312000000000071200000000000001100506                         0000000000000000000000000                                             000063
102021974950001161584870000003760                             82120122175      000                        1421090506                              100406000000000650010421245000000000000125647101100506              0000000000000000000000000000000000000000000000006804000000000030400000000000001100506                         0000000000000000000000000                                             000064
9201104                                                                                                                                                                                                                                                                                                                                                                                                   000065
