02RETORNO01COBRANCA       1584870000003760    IPAD                          104C ECON FEDERAL 060906                                                                                                                                                                                                                                                                                                 00283000001
102021974950001161584870000003760                             82000043499      000                        1421060906                              000000000000000760010407765000000000000125647101080906              0000000000000000000000000000000000000000000000007600000000000000000000000000001080906                         0000000000000000000000000                                             000002
102021974950001161584870000003760                             82030209140      000                        1421060906                              100906000000000760006500016000000000000270663101080906              0000000000000000000000000000000000000000000000007600000000000000000000000000001080906                         0000000000000000000000000                                             000003
102021974950001161584870000003760                             82030403132      000                        1421060906                              100606000000000760010407757000000000000125647101080906              0000000000000000000000000000000000000000000000008354000000000075400000000000001080906                         0000000000000000000000000                                             000004
102021974950001161584870000003760                             82030403140      000                        1421060906                              100706000000000760010407757000000000000125647101080906              0000000000000000000000000000000000000000000000007840000000000024000000000000001080906                         0000000000000000000000000                                             000005
102021974950001161584870000003760                             82030422153      000                        1421060906                              100806000000000760010407757000000000000125647101080906              0000000000000000000000000000000000000000000000007779000000000017900000000000001080906                         0000000000000000000000000                                             000006
102021974950001161584870000003760                             82030427163      000                        1421060906                              100906000000000760010407757000000000000125647101080906              0000000000000000000000000000000000000000000000007600000000000000000000000000001080906                         0000000000000000000000000                                             000007
102021974950001161584870000003760                             82030527125      000                        1421060906                              150806000000000760010409156000000000000125647101080906              0000000000000000000000000000000000000000000000007928000000000032800000000000001080906                         0000000000000000000000000                                             000008
102021974950001161584870000003760                             82030541136      000                        1421060906                              150906000000000760010409148000000000000125647101080906              0000000000000000000000000000000000000000000000007600000000000000000000000000001080906                         0000000000000000000000000                                             000009
102021974950001161584870000003760                             82030551131      000                        1421060906                              150906000000000760000127026000000000000270663101080906              0000000000000000000000000000000000000000000000007600000000000000000000000000001080906                         0000000000000000000000000                                             000010
102021974950001161584870000003760                             82030707123      000                        1421060906                              100906000000000760000111126000000000000270663101080906              0000000000000000000000000000000000000000000000007600000000000000000000000000001080906                         0000000000000000000000000                                             000011
102021974950001161584870000003760                             82030711120      000                        1421060906                              100906000000000760010409148000000000000125647101080906              0000000000000000000000000000000000000000000000007600000000000000000000000000001080906                         0000000000000000000000000                                             000012
102021974950001161584870000003760                             82030915133      000                        1421060906                              100906000000000760074500016000000000000270663101080906              0000000000000000000000000000000000000000000000007600000000000000000000000000001080906                         0000000000000000000000000                                             000013
102021974950001161584870000003760                             82030932135      000                        1421060906                              100906000000000760010407757000000000000125647101080906              0000000000000000000000000000000000000000000000007600000000000000000000000000001080906                         0000000000000000000000000                                             000014
102021974950001161584870000003760                             82060214176      000                        1421060906                              100506000000000860010421911000000000000125647101080906              0000000000000000000000000000000000000000000000009724000000000112400000000000001080906                         0000000000000000000000000                                             000015
102021974950001161584870000003760                             82060404137      000                        1421060906                              100906000000000760006500016000000000000270663101080906              0000000000000000000000000000000000000000000000007600000000000000000000000000001080906                         0000000000000000000000000                                             000016
102021974950001161584870000003760                             82060404145      000                        1421060906                              101006000000000760006500016000000000000270663101080906              0000000000000000000000000000000000000000000000007600000000000000000000000000001080906                         0000000000000000000000000                                             000017
102021974950001161584870000003760                             82060511138      000                        1421060906                              100906000000000760010409172000000000000125647101080906              0000000000000000000000000000000000000000000000007600000000000000000000000000001080906                         0000000000000000000000000                                             000018
102021974950001161584870000003760                             82060707156      000                        1421060906                              150806000000000860010400477000000000000125647101080906              0000000000000000000000000000000000000000000000008960000000000036000000000000001080906                         0000000000000000000000000                                             000019
102021974950001161584870000003760                             82060719154      000                        1421060906                              150806000000000860010400485000000000000240655100060906              0000000000000000000000000000000000000000000000008970000000000037000000000000001060906                         0000000000000000000000000                                             000020
102021974950001161584870000003760                             82060917134      000                        1421060906                              100906000000000760010406785000000000000125647101080906              0000000000000000000000000000000000000000000000007600000000000000000000000000001080906                         0000000000000000000000000                                             000021
102021974950001161584870000003760                             82090419175      000                        1421060906                              300806000000000750010400540000000000000125647101080906              0000000000000000000000000000000000000000000000007699000000000019900000000000001080906                         0000000000000000000000000                                             000022
9201104                                                                                                                                                                                                                                                                                                                                                                                                   000023
