02RETORNO01COBRANCA       1584870000003760    IPAD                          104C ECON FEDERAL 100506                                                                                                                                                                                                                                                                                                 00199000001
102021974950001161584870000003760                             82000043111      000                        1421100506                              000000000000000760010409148000000000000125647101110506              0000000000000000000000000000000000000000000000007600000000000000000000000000001110506                         0000000000000000000000000                                             000002
102021974950001161584870000003760                             82000044614      000                        1421100506                              000000000000000760010400450000000000000240655100100506              0000000000000000000000000000000000000000000000007600000000000000000000000000001100506                         0000000000000000000000000                                             000003
102021974950001161584870000003760                             82010104172      000                        1421100506                              100506000000000375010414338000000000000125647101110506              0000000000000000000000000000000000000000000000003750000000000000000000000000001110506                         0000000000000000000000000                                             000004
102021974950001161584870000003760                             82010108178      000                        1421100506                              100506000000000750006500016000000000000270663101110506              0000000000000000000000000000000000000000000000007500000000000000000000000000001110506                         0000000000000000000000000                                             000005
102021974950001161584870000003760                             82010112175      000                        1421100506                              100506000000000750023725426000000000000270663101110506              0000000000000000000000000000000000000000000000007500000000000000000000000000001110506                         0000000000000000000000000                                             000006
102021974950001161584870000003760                             82010114178      000                        1421100506                              100506000000000750000121296000000000000270663101110506              0000000000000000000000000000000000000000000000007500000000000000000000000000001110506                         0000000000000000000000000                                             000007
102021974950001161584870000003760                             82010124173      000                        1421100506                              100506000000000750000105706000000000000270663101110506              0000000000000000000000000000000000000000000000007500000000000000000000000000001110506                         0000000000000000000000000                                             000008
102021974950001161584870000003760                             82010128179      000                        1421100506                              100506000000000750007347476000000000000270663101110506              0000000000000000000000000000000000000000000000007500000000000000000000000000001110506                         0000000000000000000000000                                             000009
102021974950001161584870000003760                             82010204177      000                        1421100506                              100506000000000420010414338000000000000125620101110506              0000000000000000000000000000000000000000000000004200000000000000000000000000001110506                         0000000000000000000000000                                             000010
102021974950001161584870000003760                             82010210177      000                        1421100506                              100506000000000420007347476000000000000270663101110506              0000000000000000000000000000000000000000000000004200000000000000000000000000001110506                         0000000000000000000000000                                             000011
102021974950001161584870000003760                             82010211173      000                        1421100506                              100506000000000420000117546000000000000270663101110506              0000000000000000000000000000000000000000000000004200000000000000000000000000001110506                         0000000000000000000000000                                             000012
102021974950001161584870000003760                             82010214172      000                        1421100506                              100506000000000420000117546000000000000270663101110506              0000000000000000000000000000000000000000000000004200000000000000000000000000001110506                         0000000000000000000000000                                             000013
102021974950001161584870000003760                             82010218178      000                        1421100506                              100506000000000420000117546000000000000270663101110506              0000000000000000000000000000000000000000000000004200000000000000000000000000001110506                         0000000000000000000000000                                             000014
102021974950001161584870000003760                             82010220172      000                        1421100506                              100506000000000420007347476000000000000270663101110506              0000000000000000000000000000000000000000000000004200000000000000000000000000001110506                         0000000000000000000000000                                             000015
102021974950001161584870000003760                             82010228157      000                        1421100506                              100506000000007920000117546000000000000270663101110506              0000000000000000000000000000000000000000000000079200000000000000000000000000001110506                         0000000000000000000000000                                             000016
102021974950001161584870000003760                             82030101179      000                        1421100506                              100506000000000750010424465000000000000125647101110506              0000000000000000000000000000000000000000000000007500000000000000000000000000001110506                         0000000000000000000000000                                             000017
102021974950001161584870000003760                             82030102175      000                        1421100506                              100506000000000750010424465000000000000125647101110506              0000000000000000000000000000000000000000000000007500000000000000000000000000001110506                         0000000000000000000000000                                             000018
102021974950001161584870000003760                             82030103171      000                        1421100506                              100506000000000750010424465000000000000125647101110506              0000000000000000000000000000000000000000000000007500000000000000000000000000001110506                         0000000000000000000000000                                             000019
102021974950001161584870000003760                             82030104178      000                        1421100506                              100506000000000750010424465000000000000125647101110506              0000000000000000000000000000000000000000000000007500000000000000000000000000001110506                         0000000000000000000000000                                             000020
102021974950001161584870000003760                             82030116176      000                        1421100506                              100506000000000750010424465000000000000125647101110506              0000000000000000000000000000000000000000000000007500000000000000000000000000001110506                         0000000000000000000000000                                             000021
102021974950001161584870000003760                             82030128166      000                        1421100506                              100406000000000750010424465000000000000125647101110506              0000000000000000000000000000000000000000000000007860000000000036000000000000001110506                         0000000000000000000000000                                             000022
102021974950001161584870000003760                             82030128174      000                        1421100506                              100506000000000750010424465000000000000125647101110506              0000000000000000000000000000000000000000000000007500000000000000000000000000001110506                         0000000000000000000000000                                             000023
102021974950001161584870000003760                             82030310126      000                        1421100506                              300406000000000860010409156000000000000125647101110506              0000000000000000000000000000000000000000000000008852000000000025200000000000001110506                         0000000000000000000000000                                             000024
102021974950001161584870000003760                             82030410120      000                        1421100506                              100506000000000760010407757000000000000125647101110506              0000000000000000000000000000000000000000000000007600000000000000000000000000001110506                         0000000000000000000000000                                             000025
102021974950001161584870000003760                             82030411127      000                        1421100506                              100506000000000760010407757000000000000125647101110506              0000000000000000000000000000000000000000000000007600000000000000000000000000001110506                         0000000000000000000000000                                             000026
102021974950001161584870000003760                             82030418121      000                        1421100506                              100506000000000760010407757000000000000125647101110506              0000000000000000000000000000000000000000000000007600000000000000000000000000001110506                         0000000000000000000000000                                             000027
102021974950001161584870000003760                             82030419128      000                        1421100506                              100506000000000760010407757000000000000125647101110506              0000000000000000000000000000000000000000000000007600000000000000000000000000001110506                         0000000000000000000000000                                             000028
102021974950001161584870000003760                             82030422129      000                        1421100506                              100506000000000760010407757000000000000125647101110506              0000000000000000000000000000000000000000000000007600000000000000000000000000001110506                         0000000000000000000000000                                             000029
102021974950001161584870000003760                             82030423125      000                        1421100506                              100506000000000760006500016000000000000270663101110506              0000000000000000000000000000000000000000000000007600000000000000000000000000001110506                         0000000000000000000000000                                             000030
102021974950001161584870000003760                             82030430121      000                        1421100506                              100506000000000760010407757000000000000125647101110506              0000000000000000000000000000000000000000000000007600000000000000000000000000001110506                         0000000000000000000000000                                             000031
102021974950001161584870000003760                             82030431128      000                        1421100506                              100506000000000760006500016000000000000270663101110506              0000000000000000000000000000000000000000000000007600000000000000000000000000001110506                         0000000000000000000000000                                             000032
102021974950001161584870000003760                             82040130171      000                        1421100506                              100406000000000430010400523000000000000125647101110506              0000000000000000000000000000000000000000000000004515000000000021500000000000001110506                         0000000000000000000000000                                             000033
102021974950001161584870000003760                             82040505175      000                        1421100506                              100406000000000860010400523000000000000125647101110506              0000000000000000000000000000000000000000000000008600000000000000000000000000001110506                         0000000000000000000000000                                             000034
102021974950001161584870000003760                             82040516150      000                        1421100506                              100506000000000860006500016000000000000270663101110506              0000000000000000000000000000000000000000000000008600000000000000000000000000001110506                         0000000000000000000000000                                             000035
102021974950001161584870000003760                             82040516169      000                        1421100506                              100506000000000860006500016000000000000270663101110506              0000000000000000000000000000000000000000000000008600000000000000000000000000001110506                         0000000000000000000000000                                             000036
102021974950001161584870000003760                             82040516177      000                        1421100506                              300506000000000860006500016000000000000270663101110506              0000000000000000000000000000000000000000000000008600000000000000000000000000001110506                         0000000000000000000000000                                             000037
102021974950001161584870000003760                             82040523173      000                        1421100506                              100406000000000860010400523000000000000125647101110506              0000000000000000000000000000000000000000000000009030000000000043000000000000001110506                         0000000000000000000000000                                             000038
102021974950001161584870000003760                             82040526148      000                        1421100506                              100506000000000860010400523000000000000125620101110506              0000000000000000000000000000000000000000000000008600000000000000000000000000001110506                         0000000000000000000000000                                             000039
102021974950001161584870000003760                             82040605145      000                        1421100506                              100506000000000860010400523000000000000125647101110506              0000000000000000000000000000000000000000000000008600000000000000000000000000001110506                         0000000000000000000000000                                             000040
102021974950001161584870000003760                             82040609140      000                        1421100506                              100506000000000860075641796000000000000270663101110506              0000000000000000000000000000000000000000000000008600000000000000000000000000001110506                         0000000000000000000000000                                             000041
102021974950001161584870000003760                             82040617178      000                        1421100506                              100406000000000860010407730000000000000125647101110506              0000000000000000000000000000000000000000000000009030000000000043000000000000001110506                         0000000000000000000000000                                             000042
102021974950001161584870000003760                             82040618140      000                        1421100506                              100506000000000860010421709000000000000125647101110506              0000000000000000000000000000000000000000000000008600000000000000000000000000001110506                         0000000000000000000000000                                             000043
102021974950001161584870000003760                             82040623143      000                        1421100506                              100506000000000860075641796000000000000270663101110506              0000000000000000000000000000000000000000000000008600000000000000000000000000001110506                         0000000000000000000000000                                             000044
102021974950001161584870000003760                             82050215153      000                        1421100506                              100206000000000400010412955000000000000125647101110506              0000000000000000000000000000000000000000000000004436000000000043600000000000001110506                         0000000000000000000000000                                             000045
102021974950001161584870000003760                             82050337127      000                        1421100506                              100506000000000860010427782000000000000125647101110506              0000000000000000000000000000000000000000000000008600000000000000000000000000001110506                         0000000000000000000000000                                             000046
102021974950001161584870000003760                             82060210162      000                        1421100506                              100406000000000860010421911000000000000240655100100506              0000000000000000000000000000000000000000000000008797000000000019700000000000001100506                         0000000000000000000000000                                             000047
102021974950001161584870000003760                             82060221172      000                        1421100506                              100506000000000860010421911000000000000125647101110506              0000000000000000000000000000000000000000000000008600000000000000000000000000001110506                         0000000000000000000000000                                             000048
102021974950001161584870000003760                             82060222179      000                        1421100506                              100506000000000860010425461000000000000125647101110506              0000000000000000000000000000000000000000000000008600000000000000000000000000001110506                         0000000000000000000000000                                             000049
102021974950001161584870000003760                             82090201161      000                        1421100506                              100306000000000750010400540000000000000125647101110506              0000000000000000000000000000000000000000000000008107000000000060700000000000001110506                         0000000000000000000000000                                             000050
102021974950001161584870000003760                             82090201170      000                        1421100506                              100406000000000750010400540000000000000125647101110506              0000000000000000000000000000000000000000000000007875000000000037500000000000001110506                         0000000000000000000000000                                             000051
102021974950001161584870000003760                             82090226156      000                        1421100506                              300406000000000750010400540000000000000125647101110506              0000000000000000000000000000000000000000000000007730000000000023000000000000001110506                         0000000000000000000000000                                             000052
102021974950001161584870000003760                             82090226164      000                        1421100506                              100506000000000750010400540000000000000125647101110506              0000000000000000000000000000000000000000000000007500000000000000000000000000001110506                         0000000000000000000000000                                             000053
102021974950001161584870000003760                             82090231176      000                        1421100506                              100406000000000750010412424000000000000125647101110506              0000000000000000000000000000000000000000000000007875000000000037500000000000001110506                         0000000000000000000000000                                             000054
102021974950001161584870000003760                             82090319170      000                        1421100506                              100406000000000750010400540000000000000125647101110506              0000000000000000000000000000000000000000000000007890000000000039000000000000001110506                         0000000000000000000000000                                             000055
102021974950001161584870000003760                             82090526176      000                        1421100506                              100406000000000750010408770000000000000125647101110506              0000000000000000000000000000000000000000000000007879000000000037900000000000001110506                         0000000000000000000000000                                             000056
102021974950001161584870000003760                             82090610126      000                        1421100506                              100506000000000375074500016000000000000270663101110506              0000000000000000000000000000000000000000000000003750000000000000000000000000001110506                         0000000000000000000000000                                             000057
102021974950001161584870000003760                             82090626162      000                        1421100506                              100506000000000375006500016000000000000270663101110506              0000000000000000000000000000000000000000000000003750000000000000000000000000001110506                         0000000000000000000000000                                             000058
102021974950001161584870000003760                             82090803161      000                        1421100506                              100506000000000450010408770000000000000125647101110506              0000000000000000000000000000000000000000000000004500000000000000000000000000001110506                         0000000000000000000000000                                             000059
102021974950001161584870000003760                             82090810168      000                        1421100506                              100506000000000450010408770000000000000125647101110506              0000000000000000000000000000000000000000000000004500000000000000000000000000001110506                         0000000000000000000000000                                             000060
102021974950001161584870000003760                             82090812160      000                        1421100506                              100506000000000450010408770000000000000125647101110506              0000000000000000000000000000000000000000000000004500000000000000000000000000001110506                         0000000000000000000000000                                             000061
102021974950001161584870000003760                             82091004157      000                        1421100506                              100206000000000375010408770000000000000125647101110506              0000000000000000000000000000000000000000000000004125000000000037500000000000001110506                         0000000000000000000000000                                             000062
102021974950001161584870000003760                             82091004165      000                        1421100506                              100306000000000375010408770000000000000125647101110506              0000000000000000000000000000000000000000000000004050000000000030000000000000001110506                         0000000000000000000000000                                             000063
102021974950001161584870000003760                             82091004173      000                        1421100506                              100406000000000375010408770000000000000125647101110506              0000000000000000000000000000000000000000000000003980000000000023000000000000001110506                         0000000000000000000000000                                             000064
102021974950001161584870000003760                             82091012150      000                        1421100506                              100206000000000375010408770000000000000125647101110506              0000000000000000000000000000000000000000000000004125000000000037500000000000001110506                         0000000000000000000000000                                             000065
102021974950001161584870000003760                             82091012168      000                        1421100506                              100306000000000375010408770000000000000125647101110506              0000000000000000000000000000000000000000000000004050000000000030000000000000001110506                         0000000000000000000000000                                             000066
102021974950001161584870000003760                             82091012176      000                        1421100506                              100406000000000375010408770000000000000125647101110506              0000000000000000000000000000000000000000000000003980000000000023000000000000001110506                         0000000000000000000000000                                             000067
102021974950001161584870000003760                             82091113177      000                        1421100506                              100406000000000750010408770000000000000125647101110506              0000000000000000000000000000000000000000000000007875000000000037500000000000001110506                         0000000000000000000000000                                             000068
102021974950001161584870000003760                             82110106177      000                        1421100506                              100506000000000750010407765000000000000125647101110506              0000000000000000000000000000000000000000000000007500000000000000000000000000001110506                         0000000000000000000000000                                             000069
102021974950001161584870000003760                             82110113173      000                        1421100506                              100506000000000750000110286000000000000270663101110506              0000000000000000000000000000000000000000000000007500000000000000000000000000001110506                         0000000000000000000000000                                             000070
102021974950001161584870000003760                             82110114170      000                        1421100506                              100506000000000750023732106000000000000270663101110506              0000000000000000000000000000000000000000000000007500000000000000000000000000001110506                         0000000000000000000000000                                             000071
102021974950001161584870000003760                             82110116172      000                        1421100506                              100506000000000750010407765000000000000125647101110506              0000000000000000000000000000000000000000000000007500000000000000000000000000001110506                         0000000000000000000000000                                             000072
102021974950001161584870000003760                             82110202176      000                        1421100506                              100506000000000450010407765000000000000125620101110506              0000000000000000000000000000000000000000000000004500000000000000000000000000001110506                         0000000000000000000000000                                             000073
102021974950001161584870000003760                             82110204179      000                        1421100506                              100506000000000450010407765000000000000125620101110506              0000000000000000000000000000000000000000000000004500000000000000000000000000001110506                         0000000000000000000000000                                             000074
102021974950001161584870000003760                             82110205175      000                        1421100506                              100506000000000450010407765000000000000125620101110506              0000000000000000000000000000000000000000000000004500000000000000000000000000001110506                         0000000000000000000000000                                             000075
102021974950001161584870000003760                             82110211175      000                        1421100506                              100506000000000450010407765000000000000125620101110506              0000000000000000000000000000000000000000000000004500000000000000000000000000001110506                         0000000000000000000000000                                             000076
102021974950001161584870000003760                             82110214174      000                        1421100506                              000000000000000450039928996000000000000270663101110506              0000000000000000000000000000000000000000000000004500000000000000000000000000001110506                         0000000000000000000000000                                             000077
102021974950001161584870000003760                             82110215162      000                        1421100506                              100406000000000450010407765000000000000240655100100506              0000000000000000000000000000000000000000000000004740000000000024000000000000001100506                         0000000000000000000000000                                             000078
102021974950001161584870000003760                             82110215170      000                        1421100506                              100506000000000450010407765000000000000240655100100506              0000000000000000000000000000000000000000000000004500000000000000000000000000001100506                         0000000000000000000000000                                             000079
102021974950001161584870000003760                             82110218170      000                        1421100506                              100506000000000450010407765000000000000125620101110506              0000000000000000000000000000000000000000000000004500000000000000000000000000001110506                         0000000000000000000000000                                             000080
102021974950001161584870000003760                             82110220174      000                        1421100506                              100506000000000450010407765000000000000125620101110506              0000000000000000000000000000000000000000000000004500000000000000000000000000001110506                         0000000000000000000000000                                             000081
102021974950001161584870000003760                             82110304165      000                        1421100506                              100406000000000860010407765000000000000240655100100506              0000000000000000000000000000000000000000000000009042000000000044200000000000001100506                         0000000000000000000000000                                             000082
102021974950001161584870000003760                             82110309175      000                        1421100506                              100506000000000860006500016000000000000270663101110506              0000000000000000000000000000000000000000000000008600000000000000000000000000001110506                         0000000000000000000000000                                             000083
102021974950001161584870000003760                             82110329176      000                        1421100506                              000000000000000860039928996000000000000270663101110506              0000000000000000000000000000000000000000000000008600000000000000000000000000001110506                         0000000000000000000000000                                             000084
102021974950001161584870000003760                             82120101160      000                        1421100506                              100306000000000650010421245000000000000125647101110506              0000000000000000000000000000000000000000000000006996000000000049600000000000001110506                         0000000000000000000000000                                             000085
9201104                                                                                                                                                                                                                                                                                                                                                                                                   000086
