02RETORNO01COBRANCA       1584870000003760    IPAD                          104C ECON FEDERAL 081206                                                                                                                                                                                                                                                                                                 00346000001
102021974950001161584870000003760                             82030215174      000                        1421081206                              101206000000000760010409156000000000000125647101111206              0000000000000000000000000000000000000000000000007600000000000000000000000000001111206                         0000000000000000000000000                                             000002
102021974950001161584870000003760                             82030702130      000                        1421081206                              101006000000000760010409148000000000000125647101111206              0000000000000000000000000000000000000000000000008200000000000060000000000000001111206                         0000000000000000000000000                                             000003
102021974950001161584870000003760                             82030725156      000                        1421081206                              000000000000000760039928996000000000000270663101111206              0000000000000000000000000000000000000000000000007600000000000000000000000000001111206                         0000000000000000000000000                                             000004
102021974950001161584870000003760                             82031107111      000                        1421081206                              101106000000000760010424465000000000000240655100081206              0000000000000000000000000000000000000000000000007980000000000038000000000000001081206                         0000000000000000000000000                                             000005
102021974950001161584870000003760                             82031108126      000                        1421081206                              101206000000000760010424465000000000000125647101111206              0000000000000000000000000000000000000000000000007600000000000000000000000000001111206                         0000000000000000000000000                                             000006
102021974950001161584870000003760                             82031114126      000                        1421081206                              101206000000000760000109176000000000000270663101111206              0000000000000000000000000000000000000000000000007600000000000000000000000000001111206                         0000000000000000000000000                                             000007
102021974950001161584870000003760                             82031120126      000                        1421081206                              101206000000000760006500016000000000000270663101111206              0000000000000000000000000000000000000000000000007600000000000000000000000000001111206                         0000000000000000000000000                                             000008
102021974950001161584870000003760                             82050338166      000                        1421081206                              200506000000000750010410383000000000000125647101111206              0000000000000000000000000000000000000000000000009064000000000156400000000000001111206                         0000000000000000000000000                                             000009
102021974950001161584870000003760                             82060409163      000                        1421081206                              000000000000000760039928996000000000000270663101111206              0000000000000000000000000000000000000000000000007600000000000000000000000000001111206                         0000000000000000000000000                                             000010
102021974950001161584870000003760                             82060510166      000                        1421081206                              101206000000000760010400485000000000000125647101111206              0000000000000000000000000000000000000000000000007600000000000000000000000000001111206                         0000000000000000000000000                                             000011
102021974950001161584870000003760                             82060918165      000                        1421081206                              101206000000000760010408672000000000000125647101111206              0000000000000000000000000000000000000000000000007600000000000000000000000000001111206                         0000000000000000000000000                                             000012
102021974950001161584870000003760                             82071318121      000                        1421081206                              000000000000000760039928996000000000000270663101111206              0000000000000000000000000000000000000000000000007600000000000000000000000000001111206                         0000000000000000000000000                                             000013
102021974950001161584870000003760                             82111004122      000                        1421081206                              111206000000000760007347476000000000000270663101111206              0000000000000000000000000000000000000000000000007600000000000000000000000000001111206                         0000000000000000000000000                                             000014
102021974950001161584870000003760                             82111027122      000                        1421081206                              111206000000000760006500016000000000000270663101111206              0000000000000000000000000000000000000000000000007600000000000000000000000000001111206                         0000000000000000000000000                                             000015
102021974950001161584870000003760                             82111028129      000                        1421081206                              111206000000000760000120906000000000000270663101111206              0000000000000000000000000000000000000000000000007600000000000000000000000000001111206                         0000000000000000000000000                                             000016
102021974950001161584870000003760                             82120124178      000                        1421081206                              300906000000000650010421245000000000000240655100081206              0000000000000000000000000000000000000000000000007050000000000055000000000000001081206                         0000000000000000000000000                                             000017
102021974950001161584870000003760                             82130405137      000                        1421081206                              101206000000000760006500016000000000000270663101111206              0000000000000000000000000000000000000000000000007600000000000000000000000000001111206                         0000000000000000000000000                                             000018
102021974950001161584870000003760                             82130434129      000                        1421081206                              101206000000000760010409148000000000000125647101111206              0000000000000000000000000000000000000000000000007600000000000000000000000000001111206                         0000000000000000000000000                                             000019
9201104                                                                                                                                                                                                                                                                                                                                                                                                   000020
