02RETORNO01COBRANCA       1584870000003760    IPAD                          104C ECON FEDERAL 100306                                                                                                                                                                                                                                                                                                 00159000001
102021974950001161584870000003760                             82000033922      000                        1421100306                              050306000000000860010427197000000000000240655100100306              0000000000000000000000000000000000000000000000008817000000000021700000000000001100306                         0000000000000000000000000                                             000002
102021974950001161584870000003760                             82000034317      000                        1421100306                              050306000000000860010400469000000000000240655100100306              0000000000000000000000000000000000000000000000008815000000000021500000000000001100306                         0000000000000000000000000                                             000003
102021974950001161584870000003760                             82000034465      000                        1421100306                              100306000000000750010407765000000000000125647101130306              0000000000000000000000000000000000000000000000007500000000000000000000000000001130306                         0000000000000000000000000                                             000004
102021974950001161584870000003760                             82000034473      000                        1421100306                              100306000000000750010407765000000000000125647101130306              0000000000000000000000000000000000000000000000007500000000000000000000000000001130306                         0000000000000000000000000                                             000005
102021974950001161584870000003760                             82000034490      000                        1421100306                              100306000000000750010407765000000000000125647101130306              0000000000000000000000000000000000000000000000007500000000000000000000000000001130306                         0000000000000000000000000                                             000006
102021974950001161584870000003760                             82000034635      000                        1421100306                              100306000000000750010407765000000000000125647101130306              0000000000000000000000000000000000000000000000007500000000000000000000000000001130306                         0000000000000000000000000                                             000007
102021974950001161584870000003760                             82000034856      000                        1421100306                              100306000000000750010407765000000000000125647101130306              0000000000000000000000000000000000000000000000007500000000000000000000000000001130306                         0000000000000000000000000                                             000008
102021974950001161584870000003760                             82000035216      000                        1421100306                              100306000000000750010407765000000000000125647101130306              0000000000000000000000000000000000000000000000007500000000000000000000000000001130306                         0000000000000000000000000                                             000009
102021974950001161584870000003760                             82000035224      000                        1421100306                              100306000000000750010407765000000000000125647101130306              0000000000000000000000000000000000000000000000007500000000000000000000000000001130306                         0000000000000000000000000                                             000010
102021974950001161584870000003760                             82000035240      000                        1421100306                              100306000000000750010407765000000000000125647101130306              0000000000000000000000000000000000000000000000007500000000000000000000000000001130306                         0000000000000000000000000                                             000011
102021974950001161584870000003760                             82000035461      000                        1421100306                              100306000000000750006500016000000000000270663101130306              0000000000000000000000000000000000000000000000007500000000000000000000000000001130306                         0000000000000000000000000                                             000012
102021974950001161584870000003760                             82000035607      000                        1421100306                              100306000000000750006500016000000000000270663101130306              0000000000000000000000000000000000000000000000007500000000000000000000000000001130306                         0000000000000000000000000                                             000013
102021974950001161584870000003760                             82000035712      000                        1421100306                              150306000000000860010409156000000000000240655100100306              0000000000000000000000000000000000000000000000008600000000000000000000000000001100306                         0000000000000000000000000                                             000014
102021974950001161584870000003760                             82000035780      000                        1421100306                              150306000000000860000124226000000000000270663101130306              0000000000000000000000000000000000000000000000008600000000000000000000000000001130306                         0000000000000000000000000                                             000015
102021974950001161584870000003760                             82000035801      000                        1421100306                              150306000000000860010409156000000000000125647101130306              0000000000000000000000000000000000000000000000008600000000000000000000000000001130306                         0000000000000000000000000                                             000016
102021974950001161584870000003760                             82000035895      000                        1421100306                              150306000000000860010409156000000000000125647101130306              0000000000000000000000000000000000000000000000008600000000000000000000000000001130306                         0000000000000000000000000                                             000017
102021974950001161584870000003760                             82000035925      000                        1421100306                              150306000000000860010409156000000000000125620101130306              0000000000000000000000000000000000000000000000008600000000000000000000000000001130306                         0000000000000000000000000                                             000018
102021974950001161584870000003760                             82000035976      000                        1421100306                              150306000000000860010409156000000000000125620101130306              0000000000000000000000000000000000000000000000008600000000000000000000000000001130306                         0000000000000000000000000                                             000019
102021974950001161584870000003760                             82010120151      000                        1421100306                              100306000000000750010414338000000000000125647101130306              0000000000000000000000000000000000000000000000007500000000000000000000000000001130306                         0000000000000000000000000                                             000020
102021974950001161584870000003760                             82010123150      000                        1421100306                              100306000000000750007347476000000000000270663101130306              0000000000000000000000000000000000000000000000007500000000000000000000000000001130306                         0000000000000000000000000                                             000021
102021974950001161584870000003760                             82010124157      000                        1421100306                              100306000000000750000105706000000000000270663101130306              0000000000000000000000000000000000000000000000007500000000000000000000000000001130306                         0000000000000000000000000                                             000022
102021974950001161584870000003760                             82010126150      000                        1421100306                              100306000000000750010414338000000000000125647101130306              0000000000000000000000000000000000000000000000007500000000000000000000000000001130306                         0000000000000000000000000                                             000023
102021974950001161584870000003760                             82010128152      000                        1421100306                              100306000000000750007347476000000000000270663101130306              0000000000000000000000000000000000000000000000007500000000000000000000000000001130306                         0000000000000000000000000                                             000024
102021974950001161584870000003760                             82010129159      000                        1421100306                              100306000000000750010414338000000000000125647101130306              0000000000000000000000000000000000000000000000007500000000000000000000000000001130306                         0000000000000000000000000                                             000025
102021974950001161584870000003760                             82010138158      000                        1421100306                              100306000000002625006500016000000000000270663101130306              0000000000000000000000000000000000000000000000026250000000000000000000000000001130306                         0000000000000000000000000                                             000026
102021974950001161584870000003760                             82010204150      000                        1421100306                              100306000000000420000117546000000000000270663101130306              0000000000000000000000000000000000000000000000004200000000000000000000000000001130306                         0000000000000000000000000                                             000027
102021974950001161584870000003760                             82010205157      000                        1421100306                              100306000000000420000117546000000000000270663101130306              0000000000000000000000000000000000000000000000004200000000000000000000000000001130306                         0000000000000000000000000                                             000028
102021974950001161584870000003760                             82010211157      000                        1421100306                              100306000000000420000117546000000000000270663101130306              0000000000000000000000000000000000000000000000004200000000000000000000000000001130306                         0000000000000000000000000                                             000029
102021974950001161584870000003760                             82010215152      000                        1421100306                              100306000000000750010414338000000000000125620101130306              0000000000000000000000000000000000000000000000007500000000000000000000000000001130306                         0000000000000000000000000                                             000030
102021974950001161584870000003760                             82010216159      000                        1421100306                              100306000000000750010414338000000000000125620101130306              0000000000000000000000000000000000000000000000007500000000000000000000000000001130306                         0000000000000000000000000                                             000031
102021974950001161584870000003760                             82010217155      000                        1421100306                              100306000000000420007347476000000000000270663101130306              0000000000000000000000000000000000000000000000004200000000000000000000000000001130306                         0000000000000000000000000                                             000032
102021974950001161584870000003760                             82010222159      000                        1421100306                              100306000000000420000117546000000000000270663101130306              0000000000000000000000000000000000000000000000004200000000000000000000000000001130306                         0000000000000000000000000                                             000033
102021974950001161584870000003760                             82010225158      000                        1421100306                              100306000000000420000117546000000000000270663101130306              0000000000000000000000000000000000000000000000004200000000000000000000000000001130306                         0000000000000000000000000                                             000034
102021974950001161584870000003760                             82010228130      000                        1421100306                              100306000000007920000117546000000000000270663101130306              0000000000000000000000000000000000000000000000079200000000000000000000000000001130306                         0000000000000000000000000                                             000035
102021974950001161584870000003760                             82030106154      000                        1421100306                              100306000000000750010424465000000000000125647101130306              0000000000000000000000000000000000000000000000007500000000000000000000000000001130306                         0000000000000000000000000                                             000036
102021974950001161584870000003760                             82030111158      000                        1421100306                              100306000000000750010424465000000000000125647101130306              0000000000000000000000000000000000000000000000007500000000000000000000000000001130306                         0000000000000000000000000                                             000037
102021974950001161584870000003760                             82030118152      000                        1421100306                              100306000000000750010424465000000000000240655100100306              0000000000000000000000000000000000000000000000007500000000000000000000000000001100306                         0000000000000000000000000                                             000038
102021974950001161584870000003760                             82030120157      000                        1421100306                              100306000000000750010424465000000000000125647101130306              0000000000000000000000000000000000000000000000007500000000000000000000000000001130306                         0000000000000000000000000                                             000039
102021974950001161584870000003760                             82030130152      000                        1421100306                              100306000000000750010424465000000000000240655100100306              0000000000000000000000000000000000000000000000007500000000000000000000000000001100306                         0000000000000000000000000                                             000040
102021974950001161584870000003760                             82040101163      000                        1421100306                              100306000000000430075641796000000000000270663101130306              0000000000000000000000000000000000000000000000004300000000000000000000000000001130306                         0000000000000000000000000                                             000041
102021974950001161584870000003760                             82040104162      000                        1421100306                              100306000000000430075641796000000000000270663101130306              0000000000000000000000000000000000000000000000004300000000000000000000000000001130306                         0000000000000000000000000                                             000042
102021974950001161584870000003760                             82040105169      000                        1421100306                              100306000000000430075641796000000000000270663101130306              0000000000000000000000000000000000000000000000004300000000000000000000000000001130306                         0000000000000000000000000                                             000043
102021974950001161584870000003760                             82040108168      000                        1421100306                              100306000000000430010400523000000000000125647101130306              0000000000000000000000000000000000000000000000004300000000000000000000000000001130306                         0000000000000000000000000                                             000044
102021974950001161584870000003760                             82040111169      000                        1421100306                              100306000000000430075641796000000000000270663101130306              0000000000000000000000000000000000000000000000004300000000000000000000000000001130306                         0000000000000000000000000                                             000045
102021974950001161584870000003760                             82040114168      000                        1421100306                              100306000000000430075641796000000000000270663101130306              0000000000000000000000000000000000000000000000004300000000000000000000000000001130306                         0000000000000000000000000                                             000046
102021974950001161584870000003760                             82040115164      000                        1421100306                              100306000000000430075641796000000000000270663101130306              0000000000000000000000000000000000000000000000004300000000000000000000000000001130306                         0000000000000000000000000                                             000047
102021974950001161584870000003760                             82040118163      000                        1421100306                              100306000000000430010400523000000000000125647101130306              0000000000000000000000000000000000000000000000004300000000000000000000000000001130306                         0000000000000000000000000                                             000048
102021974950001161584870000003760                             82040120168      000                        1421100306                              100306000000000430075641796000000000000270663101130306              0000000000000000000000000000000000000000000000004300000000000000000000000000001130306                         0000000000000000000000000                                             000049
102021974950001161584870000003760                             82040121164      000                        1421100306                              100306000000000430010400523000000000000125647101130306              0000000000000000000000000000000000000000000000004300000000000000000000000000001130306                         0000000000000000000000000                                             000050
102021974950001161584870000003760                             82040122160      000                        1421100306                              100306000000000430010400523000000000000125647101130306              0000000000000000000000000000000000000000000000004300000000000000000000000000001130306                         0000000000000000000000000                                             000051
102021974950001161584870000003760                             82040135165      000                        1421100306                              100306000000012040000110126000000000000270663101130306              0000000000000000000000000000000000000000000000120400000000000000000000000000001130306                         0000000000000000000000000                                             000052
102021974950001161584870000003760                             82040136161      000                        1421100306                              100306000000000430010400523000000000000125647101130306              0000000000000000000000000000000000000000000000004300000000000000000000000000001130306                         0000000000000000000000000                                             000053
102021974950001161584870000003760                             82040202164      000                        1421100306                              100306000000000430010400523000000000000125647101130306              0000000000000000000000000000000000000000000000004300000000000000000000000000001130306                         0000000000000000000000000                                             000054
102021974950001161584870000003760                             82040207166      000                        1421100306                              100306000000000430010400523000000000000125647101130306              0000000000000000000000000000000000000000000000004300000000000000000000000000001130306                         0000000000000000000000000                                             000055
102021974950001161584870000003760                             82040208162      000                        1421100306                              000000000000000430039928996000000000000270663101130306              0000000000000000000000000000000000000000000000004300000000000000000000000000001130306                         0000000000000000000000000                                             000056
102021974950001161584870000003760                             82040209169      000                        1421100306                              100306000000000430010400523000000000000125647101130306              0000000000000000000000000000000000000000000000004300000000000000000000000000001130306                         0000000000000000000000000                                             000057
102021974950001161584870000003760                             82040214162      000                        1421100306                              000000000000000430039928996000000000000270663101130306              0000000000000000000000000000000000000000000000004300000000000000000000000000001130306                         0000000000000000000000000                                             000058
102021974950001161584870000003760                             82040215169      000                        1421100306                              100306000000000430010400523000000000000125647101130306              0000000000000000000000000000000000000000000000004300000000000000000000000000001130306                         0000000000000000000000000                                             000059
102021974950001161584870000003760                             82040218168      000                        1421100306                              100306000000000430006500016000000000000270663101130306              0000000000000000000000000000000000000000000000004300000000000000000000000000001130306                         0000000000000000000000000                                             000060
102021974950001161584870000003760                             82040222165      000                        1421100306                              100306000000000430006500016000000000000270663101130306              0000000000000000000000000000000000000000000000004300000000000000000000000000001130306                         0000000000000000000000000                                             000061
102021974950001161584870000003760                             82040227167      000                        1421100306                              100306000000000430010400523000000000000125647101130306              0000000000000000000000000000000000000000000000004300000000000000000000000000001130306                         0000000000000000000000000                                             000062
102021974950001161584870000003760                             82040229160      000                        1421100306                              100306000000000430010400523000000000000125647101130306              0000000000000000000000000000000000000000000000004300000000000000000000000000001130306                         0000000000000000000000000                                             000063
102021974950001161584870000003760                             82040232160      000                        1421100306                              100306000000000430006500016000000000000270663101130306              0000000000000000000000000000000000000000000000004300000000000000000000000000001130306                         0000000000000000000000000                                             000064
102021974950001161584870000003760                             82040235160      000                        1421100306                              100306000000000430010400523000000000000125647101130306              0000000000000000000000000000000000000000000000004300000000000000000000000000001130306                         0000000000000000000000000                                             000065
102021974950001161584870000003760                             82040237162      000                        1421100306                              100306000000000860010400523000000000000125647101130306              0000000000000000000000000000000000000000000000008600000000000000000000000000001130306                         0000000000000000000000000                                             000066
102021974950001161584870000003760                             82040301162      000                        1421100306                              100306000000000360006500016000000000000270663101130306              0000000000000000000000000000000000000000000000003600000000000000000000000000001130306                         0000000000000000000000000                                             000067
102021974950001161584870000003760                             82040302169      000                        1421100306                              100306000000000360010400523000000000000125647101130306              0000000000000000000000000000000000000000000000003600000000000000000000000000001130306                         0000000000000000000000000                                             000068
102021974950001161584870000003760                             82040303165      000                        1421100306                              100306000000000360010400523000000000000125647101130306              0000000000000000000000000000000000000000000000003600000000000000000000000000001130306                         0000000000000000000000000                                             000069
102021974950001161584870000003760                             82040319169      000                        1421100306                              100306000000000360010400523000000000000125647101130306              0000000000000000000000000000000000000000000000003600000000000000000000000000001130306                         0000000000000000000000000                                             000070
102021974950001161584870000003760                             82040324162      000                        1421100306                              100306000000000360010400523000000000000125647101130306              0000000000000000000000000000000000000000000000003600000000000000000000000000001130306                         0000000000000000000000000                                             000071
102021974950001161584870000003760                             82040329164      000                        1421100306                              100306000000000360010400523000000000000125647101130306              0000000000000000000000000000000000000000000000003600000000000000000000000000001130306                         0000000000000000000000000                                             000072
102021974950001161584870000003760                             82040330162      000                        1421100306                              100306000000000360006500016000000000000270663101130306              0000000000000000000000000000000000000000000000003600000000000000000000000000001130306                         0000000000000000000000000                                             000073
102021974950001161584870000003760                             82040334168      000                        1421100306                              100306000000000360010400523000000000000125647101130306              0000000000000000000000000000000000000000000000003600000000000000000000000000001130306                         0000000000000000000000000                                             000074
102021974950001161584870000003760                             82040415168      000                        1421100306                              100306000000000860010400523000000000000125620101130306              0000000000000000000000000000000000000000000000008600000000000000000000000000001130306                         0000000000000000000000000                                             000075
102021974950001161584870000003760                             82040421168      000                        1421100306                              100306000000000860010400523000000000000125647101130306              0000000000000000000000000000000000000000000000008600000000000000000000000000001130306                         0000000000000000000000000                                             000076
102021974950001161584870000003760                             82040424159      000                        1421100306                              000000000000000860039928996000000000000270663101130306              0000000000000000000000000000000000000000000000008600000000000000000000000000001130306                         0000000000000000000000000                                             000077
102021974950001161584870000003760                             82040437161      000                        1421100306                              100306000000013760000117396000000000000270663101130306              0000000000000000000000000000000000000000000000137600000000000000000000000000001130306                         0000000000000000000000000                                             000078
102021974950001161584870000003760                             82040502168      000                        1421100306                              100306000000000860010400523000000000000125647101130306              0000000000000000000000000000000000000000000000008600000000000000000000000000001130306                         0000000000000000000000000                                             000079
102021974950001161584870000003760                             82040506163      000                        1421100306                              100306000000000860010400523000000000000125647101130306              0000000000000000000000000000000000000000000000008600000000000000000000000000001130306                         0000000000000000000000000                                             000080
102021974950001161584870000003760                             82040511167      000                        1421100306                              100306000000000860006500016000000000000270663101130306              0000000000000000000000000000000000000000000000008600000000000000000000000000001130306                         0000000000000000000000000                                             000081
102021974950001161584870000003760                             82040514166      000                        1421100306                              100306000000000860006500016000000000000270663101130306              0000000000000000000000000000000000000000000000008600000000000000000000000000001130306                         0000000000000000000000000                                             000082
102021974950001161584870000003760                             82040520166      000                        1421100306                              100306000000000860010400523000000000000125647101130306              0000000000000000000000000000000000000000000000008600000000000000000000000000001130306                         0000000000000000000000000                                             000083
102021974950001161584870000003760                             82040527160      000                        1421100306                              100306000000000860010400523000000000000125647101130306              0000000000000000000000000000000000000000000000008600000000000000000000000000001130306                         0000000000000000000000000                                             000084
102021974950001161584870000003760                             82040530161      000                        1421100306                              000000000000000860039928996000000000000270663101130306              0000000000000000000000000000000000000000000000008600000000000000000000000000001130306                         0000000000000000000000000                                             000085
102021974950001161584870000003760                             82040535163      000                        1421100306                              100306000000000860006500016000000000000270663101130306              0000000000000000000000000000000000000000000000008600000000000000000000000000001130306                         0000000000000000000000000                                             000086
102021974950001161584870000003760                             82040602162      000                        1421100306                              100306000000000860006500016000000000000270663101130306              0000000000000000000000000000000000000000000000008600000000000000000000000000001130306                         0000000000000000000000000                                             000087
102021974950001161584870000003760                             82040610165      000                        1421100306                              100306000000000860075641796000000000000270663101130306              0000000000000000000000000000000000000000000000008600000000000000000000000000001130306                         0000000000000000000000000                                             000088
102021974950001161584870000003760                             82040615167      000                        1421100306                              000000000000000860039928996000000000000270663101130306              0000000000000000000000000000000000000000000000008600000000000000000000000000001130306                         0000000000000000000000000                                             000089
102021974950001161584870000003760                             82040701160      000                        1421100306                              100306000000000860007347476000000000000270663101130306              0000000000000000000000000000000000000000000000008600000000000000000000000000001130306                         0000000000000000000000000                                             000090
102021974950001161584870000003760                             82040718160      000                        1421100306                              100306000000000860000111206000000000000270663101130306              0000000000000000000000000000000000000000000000008600000000000000000000000000001130306                         0000000000000000000000000                                             000091
102021974950001161584870000003760                             82050105161      000                        1421100306                              100306000000000400010412955000000000000125647101130306              0000000000000000000000000000000000000000000000004000000000000000000000000000001130306                         0000000000000000000000000                                             000092
102021974950001161584870000003760                             82050119162      000                        1421100306                              100306000000000400006500016000000000000270663101130306              0000000000000000000000000000000000000000000000004000000000000000000000000000001130306                         0000000000000000000000000                                             000093
102021974950001161584870000003760                             82050121167      000                        1421100306                              100306000000000400006500016000000000000270663101130306              0000000000000000000000000000000000000000000000004000000000000000000000000000001130306                         0000000000000000000000000                                             000094
102021974950001161584870000003760                             82050132169      000                        1421100306                              100306000000000400010400531000000000000125647101130306              0000000000000000000000000000000000000000000000004000000000000000000000000000001130306                         0000000000000000000000000                                             000095
102021974950001161584870000003760                             82050134161      000                        1421100306                              100306000000000400006500016000000000000270663101130306              0000000000000000000000000000000000000000000000004000000000000000000000000000001130306                         0000000000000000000000000                                             000096
102021974950001161584870000003760                             82050137160      000                        1421100306                              100306000000000400006500016000000000000270663101130306              0000000000000000000000000000000000000000000000004000000000000000000000000000001130306                         0000000000000000000000000                                             000097
102021974950001161584870000003760                             82050204160      000                        1421100306                              100306000000000400006500016000000000000270663101130306              0000000000000000000000000000000000000000000000004000000000000000000000000000001130306                         0000000000000000000000000                                             000098
102021974950001161584870000003760                             82050213169      000                        1421100306                              100306000000000400006500016000000000000270663101130306              0000000000000000000000000000000000000000000000004000000000000000000000000000001130306                         0000000000000000000000000                                             000099
102021974950001161584870000003760                             82050217164      000                        1421100306                              100306000000000400010400531000000000000125647101130306              0000000000000000000000000000000000000000000000004000000000000000000000000000001130306                         0000000000000000000000000                                             000100
102021974950001161584870000003760                             82050326168      000                        1421100306                              100306000000000860000116666000000000000270663101130306              0000000000000000000000000000000000000000000000008600000000000000000000000000001130306                         0000000000000000000000000                                             000101
102021974950001161584870000003760                             82050332168      000                        1421100306                              100306000000000860006500016000000000000270663101130306              0000000000000000000000000000000000000000000000008600000000000000000000000000001130306                         0000000000000000000000000                                             000102
102021974950001161584870000003760                             82060104176      000                        1421100306                              150306000000000860006500016000000000000270663101130306              0000000000000000000000000000000000000000000000008600000000000000000000000000001130306                         0000000000000000000000000                                             000103
102021974950001161584870000003760                             82060126170      000                        1421100306                              150306000000000860010406483000000000000125647101130306              0000000000000000000000000000000000000000000000008600000000000000000000000000001130306                         0000000000000000000000000                                             000104
102021974950001161584870000003760                             82060144151      000                        1421100306                              150106000000000860010408761000000000000125647101130306              0000000000000000000000000000000000000000000000009236000000000063600000000000001130306                         0000000000000000000000000                                             000105
102021974950001161584870000003760                             82060144160      000                        1421100306                              150206000000000860010408761000000000000125647101130306              0000000000000000000000000000000000000000000000008969000000000036900000000000001130306                         0000000000000000000000000                                             000106
102021974950001161584870000003760                             82060144178      000                        1421100306                              150306000000000860010408761000000000000125647101130306              0000000000000000000000000000000000000000000000008600000000000000000000000000001130306                         0000000000000000000000000                                             000107
102021974950001161584870000003760                             82060202151      000                        1421100306                              000000000000000860039928996000000000000270663101130306              0000000000000000000000000000000000000000000000008600000000000000000000000000001130306                         0000000000000000000000000                                             000108
102021974950001161584870000003760                             82060208150      000                        1421100306                              100306000000000860075641796000000000000270663101130306              0000000000000000000000000000000000000000000000008600000000000000000000000000001130306                         0000000000000000000000000                                             000109
102021974950001161584870000003760                             82060210154      000                        1421100306                              100306000000000860006500016000000000000270663101130306              0000000000000000000000000000000000000000000000008600000000000000000000000000001130306                         0000000000000000000000000                                             000110
102021974950001161584870000003760                             82060213153      000                        1421100306                              100306000000000860010421911000000000000125647101130306              0000000000000000000000000000000000000000000000008600000000000000000000000000001130306                         0000000000000000000000000                                             000111
102021974950001161584870000003760                             82060217159      000                        1421100306                              100306000000000860075641796000000000000270663101130306              0000000000000000000000000000000000000000000000008600000000000000000000000000001130306                         0000000000000000000000000                                             000112
102021974950001161584870000003760                             82060222152      000                        1421100306                              100306000000000860010425461000000000000240655100100306              0000000000000000000000000000000000000000000000008600000000000000000000000000001100306                         0000000000000000000000000                                             000113
102021974950001161584870000003760                             82060223159      000                        1421100306                              100306000000000860006500016000000000000270663101130306              0000000000000000000000000000000000000000000000008600000000000000000000000000001130306                         0000000000000000000000000                                             000114
102021974950001161584870000003760                             82060306151      000                        1421100306                              150306000000000860006500016000000000000270663101130306              0000000000000000000000000000000000000000000000008600000000000000000000000000001130306                         0000000000000000000000000                                             000115
102021974950001161584870000003760                             82060327159      000                        1421100306                              150306000000000860075641796000000000000270663101130306              0000000000000000000000000000000000000000000000008600000000000000000000000000001130306                         0000000000000000000000000                                             000116
102021974950001161584870000003760                             82060330125      000                        1421100306                              151205000000000860010408761000000000000240655100100306              0000000000000000000000000000000000000000000000009460000000000086000000000000001100306                         0000000000000000000000000                                             000117
102021974950001161584870000003760                             82070113160      000                        1421100306                              000000000000000860039928996000000000000270663101130306              0000000000000000000000000000000000000000000000008600000000000000000000000000001130306                         0000000000000000000000000                                             000118
102021974950001161584870000003760                             82070230166      000                        1421100306                              100306000000000860010400477000000000000125647101130306              0000000000000000000000000000000000000000000000008600000000000000000000000000001130306                         0000000000000000000000000                                             000119
102021974950001161584870000003760                             82070329154      000                        1421100306                              150206000000000860010408761000000000000240655100100306              0000000000000000000000000000000000000000000000008979000000000037900000000000001100306                         0000000000000000000000000                                             000120
102021974950001161584870000003760                             82090102163      000                        1421100306                              100306000000000750010400540000000000000125647101130306              0000000000000000000000000000000000000000000000007500000000000000000000000000001130306                         0000000000000000000000000                                             000121
102021974950001161584870000003760                             82090111162      000                        1421100306                              100306000000000750010400540000000000000125647101130306              0000000000000000000000000000000000000000000000007500000000000000000000000000001130306                         0000000000000000000000000                                             000122
102021974950001161584870000003760                             82090118167      000                        1421100306                              100306000000000750010400540000000000000125647101130306              0000000000000000000000000000000000000000000000007500000000000000000000000000001130306                         0000000000000000000000000                                             000123
102021974950001161584870000003760                             82090123160      000                        1421100306                              100306000000000750010400540000000000000125647101130306              0000000000000000000000000000000000000000000000007500000000000000000000000000001130306                         0000000000000000000000000                                             000124
102021974950001161584870000003760                             82090127166      000                        1421100306                              100306000000000750010400540000000000000125647101130306              0000000000000000000000000000000000000000000000007500000000000000000000000000001130306                         0000000000000000000000000                                             000125
102021974950001161584870000003760                             82090201153      000                        1421100306                              100206000000000750010400540000000000000125647101130306              0000000000000000000000000000000000000000000000007846000000000034600000000000001130306                         0000000000000000000000000                                             000126
102021974950001161584870000003760                             82090207160      000                        1421100306                              100306000000000750010400540000000000000125647101130306              0000000000000000000000000000000000000000000000007500000000000000000000000000001130306                         0000000000000000000000000                                             000127
102021974950001161584870000003760                             82090215162      000                        1421100306                              100306000000000750075641796000000000000270663101130306              0000000000000000000000000000000000000000000000007500000000000000000000000000001130306                         0000000000000000000000000                                             000128
102021974950001161584870000003760                             82090224153      000                        1421100306                              100206000000000750010400540000000000000125647101130306              0000000000000000000000000000000000000000000000007846000000000034600000000000001130306                         0000000000000000000000000                                             000129
102021974950001161584870000003760                             82090306168      000                        1421100306                              100306000000000750007347476000000000000270663101130306              0000000000000000000000000000000000000000000000007500000000000000000000000000001130306                         0000000000000000000000000                                             000130
102021974950001161584870000003760                             82090310165      000                        1421100306                              100306000000000750010407749000000000000125647101130306              0000000000000000000000000000000000000000000000007500000000000000000000000000001130306                         0000000000000000000000000                                             000131
102021974950001161584870000003760                             82090314160      000                        1421100306                              100306000000000750010400540000000000000125647101130306              0000000000000000000000000000000000000000000000007500000000000000000000000000001130306                         0000000000000000000000000                                             000132
102021974950001161584870000003760                             82090334161      000                        1421100306                              100306000000000750010407749000000000000125647101130306              0000000000000000000000000000000000000000000000007500000000000000000000000000001130306                         0000000000000000000000000                                             000133
102021974950001161584870000003760                             82090401160      000                        1421100306                              100306000000000750010415806000000000000125647101130306              0000000000000000000000000000000000000000000000007500000000000000000000000000001130306                         0000000000000000000000000                                             000134
102021974950001161584870000003760                             82090511160      000                        1421100306                              100306000000000375006500016000000000000270663101130306              0000000000000000000000000000000000000000000000003750000000000000000000000000001130306                         0000000000000000000000000                                             000135
102021974950001161584870000003760                             82090514151      000                        1421100306                              100206000000000375010408770000000000000125647101130306              0000000000000000000000000000000000000000000000003935000000000018500000000000001130306                         0000000000000000000000000                                             000136
102021974950001161584870000003760                             82090527164      000                        1421100306                              100306000000008250000104466000000000000270663101130306              0000000000000000000000000000000000000000000000082500000000000000000000000000001130306                         0000000000000000000000000                                             000137
102021974950001161584870000003760                             82090601160      000                        1421100306                              100306000000000375010408770000000000000125647101130306              0000000000000000000000000000000000000000000000003750000000000000000000000000001130306                         0000000000000000000000000                                             000138
102021974950001161584870000003760                             82090610169      000                        1421100306                              100306000000000375010408770000000000000125647101130306              0000000000000000000000000000000000000000000000003750000000000000000000000000001130306                         0000000000000000000000000                                             000139
102021974950001161584870000003760                             82090612161      000                        1421100306                              100306000000000375006500016000000000000270663101130306              0000000000000000000000000000000000000000000000003750000000000000000000000000001130306                         0000000000000000000000000                                             000140
102021974950001161584870000003760                             82090613168      000                        1421100306                              100306000000000375006500016000000000000270663101130306              0000000000000000000000000000000000000000000000003750000000000000000000000000001130306                         0000000000000000000000000                                             000141
102021974950001161584870000003760                             82090621160      000                        1421100306                              100306000000000375010408770000000000000125647101130306              0000000000000000000000000000000000000000000000003750000000000000000000000000001130306                         0000000000000000000000000                                             000142
102021974950001161584870000003760                             82090622167      000                        1421100306                              100306000000000375006500016000000000000270663101130306              0000000000000000000000000000000000000000000000003750000000000000000000000000001130306                         0000000000000000000000000                                             000143
102021974950001161584870000003760                             82090623163      000                        1421100306                              100306000000000375074500016000000000000270663101130306              0000000000000000000000000000000000000000000000003750000000000000000000000000001130306                         0000000000000000000000000                                             000144
102021974950001161584870000003760                             82090624160      000                        1421100306                              100306000000000375006500016000000000000270663101130306              0000000000000000000000000000000000000000000000003750000000000000000000000000001130306                         0000000000000000000000000                                             000145
102021974950001161584870000003760                             82090629161      000                        1421100306                              100306000000000375010408770000000000000125647101130306              0000000000000000000000000000000000000000000000003750000000000000000000000000001130306                         0000000000000000000000000                                             000146
102021974950001161584870000003760                             82090631166      000                        1421100306                              100306000000009750000126696000000000000270663101130306              0000000000000000000000000000000000000000000000097500000000000000000000000000001130306                         0000000000000000000000000                                             000147
102021974950001161584870000003760                             82090713162      000                        1421100306                              100306000000000750010408770000000000000125647101130306              0000000000000000000000000000000000000000000000007500000000000000000000000000001130306                         0000000000000000000000000                                             000148
102021974950001161584870000003760                             82090716161      000                        1421100306                              100306000000000750075641796000000000000270663101130306              0000000000000000000000000000000000000000000000007500000000000000000000000000001130306                         0000000000000000000000000                                             000149
102021974950001161584870000003760                             82090724164      000                        1421100306                              100306000000000750010408770000000000000125647101130306              0000000000000000000000000000000000000000000000007500000000000000000000000000001130306                         0000000000000000000000000                                             000150
102021974950001161584870000003760                             82090802149      000                        1421100306                              100306000000000450000104466000000000000270663101130306              0000000000000000000000000000000000000000000000004500000000000000000000000000001130306                         0000000000000000000000000                                             000151
102021974950001161584870000003760                             82090802157      000                        1421100306                              100406000000000450000104466000000000000270663101130306              0000000000000000000000000000000000000000000000004500000000000000000000000000001130306                         0000000000000000000000000                                             000152
102021974950001161584870000003760                             82090808147      000                        1421100306                              100306000000000450010408770000000000000125647101130306              0000000000000000000000000000000000000000000000004500000000000000000000000000001130306                         0000000000000000000000000                                             000153
102021974950001161584870000003760                             82090818142      000                        1421100306                              100306000000000450006500016000000000000270663101130306              0000000000000000000000000000000000000000000000004500000000000000000000000000001130306                         0000000000000000000000000                                             000154
102021974950001161584870000003760                             82090820147      000                        1421100306                              100306000000000450000104466000000000000270663101130306              0000000000000000000000000000000000000000000000004500000000000000000000000000001130306                         0000000000000000000000000                                             000155
102021974950001161584870000003760                             82090907161      000                        1421100306                              100306000000000375075641796000000000000270663101130306              0000000000000000000000000000000000000000000000003750000000000000000000000000001130306                         0000000000000000000000000                                             000156
102021974950001161584870000003760                             82090909164      000                        1421100306                              100306000000000750010408770000000000000125647101130306              0000000000000000000000000000000000000000000000007500000000000000000000000000001130306                         0000000000000000000000000                                             000157
102021974950001161584870000003760                             82090914168      000                        1421100306                              100306000000000375010408770000000000000125647101130306              0000000000000000000000000000000000000000000000003750000000000000000000000000001130306                         0000000000000000000000000                                             000158
102021974950001161584870000003760                             82090930163      000                        1421100306                              100306000000000750010408770000000000000125647101130306              0000000000000000000000000000000000000000000000007500000000000000000000000000001130306                         0000000000000000000000000                                             000159
102021974950001161584870000003760                             82090935165      000                        1421100306                              100306000000000750010408770000000000000125647101130306              0000000000000000000000000000000000000000000000007500000000000000000000000000001130306                         0000000000000000000000000                                             000160
102021974950001161584870000003760                             82091005161      000                        1421100306                              100306000000000375000122576000000000000270663101130306              0000000000000000000000000000000000000000000000003750000000000000000000000000001130306                         0000000000000000000000000                                             000161
102021974950001161584870000003760                             82091014160      000                        1421100306                              100306000000000375006500016000000000000270663101130306              0000000000000000000000000000000000000000000000003750000000000000000000000000001130306                         0000000000000000000000000                                             000162
102021974950001161584870000003760                             82091022163      000                        1421100306                              100306000000000375006500016000000000000270663101130306              0000000000000000000000000000000000000000000000003750000000000000000000000000001130306                         0000000000000000000000000                                             000163
102021974950001161584870000003760                             82091025162      000                        1421100306                              100306000000000750010408770000000000000125647101130306              0000000000000000000000000000000000000000000000007500000000000000000000000000001130306                         0000000000000000000000000                                             000164
102021974950001161584870000003760                             82091028161      000                        1421100306                              100306000000000375010408770000000000000125647101130306              0000000000000000000000000000000000000000000000003750000000000000000000000000001130306                         0000000000000000000000000                                             000165
102021974950001161584870000003760                             82091029168      000                        1421100306                              100306000000000375010408770000000000000125647101130306              0000000000000000000000000000000000000000000000003750000000000000000000000000001130306                         0000000000000000000000000                                             000166
102021974950001161584870000003760                             82091030166      000                        1421100306                              100306000000000375010408770000000000000125647101130306              0000000000000000000000000000000000000000000000003750000000000000000000000000001130306                         0000000000000000000000000                                             000167
102021974950001161584870000003760                             82091202161      000                        1421100306                              100306000000000750010400540000000000000125647101130306              0000000000000000000000000000000000000000000000007500000000000000000000000000001130306                         0000000000000000000000000                                             000168
102021974950001161584870000003760                             82091205160      000                        1421100306                              100306000000000750010400540000000000000125647101130306              0000000000000000000000000000000000000000000000007500000000000000000000000000001130306                         0000000000000000000000000                                             000169
102021974950001161584870000003760                             82091216162      000                        1421100306                              100306000000000750010400540000000000000125647101130306              0000000000000000000000000000000000000000000000007500000000000000000000000000001130306                         0000000000000000000000000                                             000170
102021974950001161584870000003760                             82091220160      000                        1421100306                              100306000000000750010400540000000000000125647101130306              0000000000000000000000000000000000000000000000007500000000000000000000000000001130306                         0000000000000000000000000                                             000171
102021974950001161584870000003760                             82110113157      000                        1421100306                              100306000000000750000110286000000000000270663101130306              0000000000000000000000000000000000000000000000007500000000000000000000000000001130306                         0000000000000000000000000                                             000172
102021974950001161584870000003760                             82110114153      000                        1421100306                              100306000000000750010407765000000000000125647101130306              0000000000000000000000000000000000000000000000007500000000000000000000000000001130306                         0000000000000000000000000                                             000173
102021974950001161584870000003760                             82110118159      000                        1421100306                              100306000000000750010407765000000000000125647101130306              0000000000000000000000000000000000000000000000007500000000000000000000000000001130306                         0000000000000000000000000                                             000174
102021974950001161584870000003760                             82110201161      000                        1421100306                              100406000000000450023716956000000000000270663101130306              0000000000000000000000000000000000000000000000004500000000000000000000000000001130306                         0000000000000000000000000                                             000175
102021974950001161584870000003760                             82110201170      000                        1421100306                              100506000000000450023716956000000000000270663101130306              0000000000000000000000000000000000000000000000004500000000000000000000000000001130306                         0000000000000000000000000                                             000176
102021974950001161584870000003760                             82110202150      000                        1421100306                              100306000000000450010407765000000000000125620101130306              0000000000000000000000000000000000000000000000004500000000000000000000000000001130306                         0000000000000000000000000                                             000177
102021974950001161584870000003760                             82110209154      000                        1421100306                              100306000000000450023716956000000000000270663101130306              0000000000000000000000000000000000000000000000004500000000000000000000000000001130306                         0000000000000000000000000                                             000178
102021974950001161584870000003760                             82110214158      000                        1421100306                              100306000000000450010407765000000000000125647101130306              0000000000000000000000000000000000000000000000004500000000000000000000000000001130306                         0000000000000000000000000                                             000179
102021974950001161584870000003760                             82110218153      000                        1421100306                              100306000000000450010407765000000000000125620101130306              0000000000000000000000000000000000000000000000004500000000000000000000000000001130306                         0000000000000000000000000                                             000180
102021974950001161584870000003760                             82110303150      000                        1421100306                              100306000000000860010407765000000000000125647101130306              0000000000000000000000000000000000000000000000008600000000000000000000000000001130306                         0000000000000000000000000                                             000181
102021974950001161584870000003760                             82110304157      000                        1421100306                              100306000000000860006500016000000000000270663101130306              0000000000000000000000000000000000000000000000008600000000000000000000000000001130306                         0000000000000000000000000                                             000182
102021974950001161584870000003760                             82110309140      000                        1421100306                              100206000000000860010407765000000000000240655100100306              0000000000000000000000000000000000000000000000008800000000000020000000000000001100306                         0000000000000000000000000                                             000183
102021974950001161584870000003760                             82110311153      000                        1421100306                              100306000000000860010407765000000000000125647101130306              0000000000000000000000000000000000000000000000008600000000000000000000000000001130306                         0000000000000000000000000                                             000184
102021974950001161584870000003760                             82110313156      000                        1421100306                              100306000000000860010407765000000000000125647101130306              0000000000000000000000000000000000000000000000008600000000000000000000000000001130306                         0000000000000000000000000                                             000185
102021974950001161584870000003760                             82110317143      000                        1421100306                              100206000000000860010407765000000000000240655100100306              0000000000000000000000000000000000000000000000008800000000000020000000000000001100306                         0000000000000000000000000                                             000186
102021974950001161584870000003760                             82110317151      000                        1421100306                              100306000000000860010407765000000000000240655100100306              0000000000000000000000000000000000000000000000008600000000000000000000000000001100306                         0000000000000000000000000                                             000187
102021974950001161584870000003760                             82110317160      000                        1421100306                              100406000000000860010407765000000000000240655100100306              0000000000000000000000000000000000000000000000008600000000000000000000000000001100306                         0000000000000000000000000                                             000188
102021974950001161584870000003760                             82110328153      000                        1421100306                              100306000000000860010407765000000000000125647101130306              0000000000000000000000000000000000000000000000008600000000000000000000000000001130306                         0000000000000000000000000                                             000189
102021974950001161584870000003760                             82110329150      000                        1421100306                              100306000000000860075641796000000000000270663101130306              0000000000000000000000000000000000000000000000008600000000000000000000000000001130306                         0000000000000000000000000                                             000190
102021974950001161584870000003760                             82120124151      000                        1421100306                              100206000000000650010421245000000000000125647101130306              0000000000000000000000000000000000000000000000006812000000000031200000000000001130306                         0000000000000000000000000                                             000191
102021974950001161584870000003760                             82120126162      000                        1421100306                              100306000000000650010421245000000000000125647101130306              0000000000000000000000000000000000000000000000006500000000000000000000000000001130306                         0000000000000000000000000                                             000192
102021974950001161584870000003760                             82120132162      000                        1421100306                              100306000000000650075641796000000000000270663101130306              0000000000000000000000000000000000000000000000006500000000000000000000000000001130306                         0000000000000000000000000                                             000193
102021974950001161584870000003760                             82130119177      000                        1421100306                              100306000000000860074822066000000000000270663101130306              0000000000000000000000000000000000000000000000008600000000000000000000000000001130306                         0000000000000000000000000                                             000194
102021974950001161584870000003760                             82130124170      000                        1421100306                              100306000000000860074822066000000000000270663101130306              0000000000000000000000000000000000000000000000008600000000000000000000000000001130306                         0000000000000000000000000                                             000195
102021974950001161584870000003760                             82130128176      000                        1421100306                              100306000000000860000102466000000000000270663101130306              0000000000000000000000000000000000000000000000008600000000000000000000000000001130306                         0000000000000000000000000                                             000196
102021974950001161584870000003760                             82130201175      000                        1421100306                              100306000000000860010409148000000000000125647101130306              0000000000000000000000000000000000000000000000008600000000000000000000000000001130306                         0000000000000000000000000                                             000197
102021974950001161584870000003760                             82130213173      000                        1421100306                              100306000000000860010409148000000000000125647101130306              0000000000000000000000000000000000000000000000008600000000000000000000000000001130306                         0000000000000000000000000                                             000198
102021974950001161584870000003760                             82130217179      000                        1421100306                              100306000000000860010409148000000000000125647101130306              0000000000000000000000000000000000000000000000008600000000000000000000000000001130306                         0000000000000000000000000                                             000199
102021974950001161584870000003760                             82130301170      000                        1421100306                              100306000000000860010409148000000000000125647101130306              0000000000000000000000000000000000000000000000008600000000000000000000000000001130306                         0000000000000000000000000                                             000200
102021974950001161584870000003760                             82130305175      000                        1421100306                              100306000000000860010409148000000000000125647101130306              0000000000000000000000000000000000000000000000008600000000000000000000000000001130306                         0000000000000000000000000                                             000201
102021974950001161584870000003760                             82130311175      000                        1421100306                              100306000000000860000109816000000000000270663101130306              0000000000000000000000000000000000000000000000008600000000000000000000000000001130306                         0000000000000000000000000                                             000202
102021974950001161584870000003760                             82130313178      000                        1421100306                              100306000000000860010409148000000000000125647101130306              0000000000000000000000000000000000000000000000008600000000000000000000000000001130306                         0000000000000000000000000                                             000203
9201104                                                                                                                                                                                                                                                                                                                                                                                                   000204
