02RETORNO01COBRANCA       1584870000003760    IPAD                          104C ECON FEDERAL 091205                                                                                                                                                                                                                                                                                                 00097000001
102021974950001161584870000003760                             82010108127      000                        1421091205                              101205000000000750006500016000000000000270663101121205              0000000000000000000000000000000000000000000000007500000000000000000000000000001121205                         0000000000000000000000000                                             000002
102021974950001161584870000003760                             82010109123      000                        1421091205                              101205000000000375075641796000000000000270663101121205              0000000000000000000000000000000000000000000000003750000000000000000000000000001121205                         0000000000000000000000000                                             000003
102021974950001161584870000003760                             82010123126      000                        1421091205                              101205000000000750006500016000000000000270663101121205              0000000000000000000000000000000000000000000000007500000000000000000000000000001121205                         0000000000000000000000000                                             000004
102021974950001161584870000003760                             82010127121      000                        1421091205                              101205000000000750010414338000000000000125647101121205              0000000000000000000000000000000000000000000000007500000000000000000000000000001121205                         0000000000000000000000000                                             000005
102021974950001161584870000003760                             82010128128      000                        1421091205                              101205000000000750007347476000000000000270663101121205              0000000000000000000000000000000000000000000000007500000000000000000000000000001121205                         0000000000000000000000000                                             000006
102021974950001161584870000003760                             82010136120      000                        1421091205                              101205000000000375006500016000000000000270663101121205              0000000000000000000000000000000000000000000000003750000000000000000000000000001121205                         0000000000000000000000000                                             000007
102021974950001161584870000003760                             82010137127      000                        1421091205                              101205000000000750010414338000000000000125647101121205              0000000000000000000000000000000000000000000000007500000000000000000000000000001121205                         0000000000000000000000000                                             000008
102021974950001161584870000003760                             82010201127      000                        1421091205                              101205000000000420000117546000000000000270663101121205              0000000000000000000000000000000000000000000000004200000000000000000000000000001121205                         0000000000000000000000000                                             000009
102021974950001161584870000003760                             82010202123      000                        1421091205                              101205000000000420006500016000000000000270663101121205              0000000000000000000000000000000000000000000000004200000000000000000000000000001121205                         0000000000000000000000000                                             000010
102021974950001161584870000003760                             82010203120      000                        1421091205                              101205000000000420000117546000000000000270663101121205              0000000000000000000000000000000000000000000000004200000000000000000000000000001121205                         0000000000000000000000000                                             000011
102021974950001161584870000003760                             82010206129      000                        1421091205                              101205000000000420010414338000000000000125647101121205              0000000000000000000000000000000000000000000000004200000000000000000000000000001121205                         0000000000000000000000000                                             000012
102021974950001161584870000003760                             82010209128      000                        1421091205                              101205000000000420010414338000000000000125647101121205              0000000000000000000000000000000000000000000000004200000000000000000000000000001121205                         0000000000000000000000000                                             000013
102021974950001161584870000003760                             82010220121      000                        1421091205                              101205000000000420010414338000000000000125647101121205              0000000000000000000000000000000000000000000000004200000000000000000000000000001121205                         0000000000000000000000000                                             000014
102021974950001161584870000003760                             82010222124      000                        1421091205                              101205000000000420000117546000000000000270663101121205              0000000000000000000000000000000000000000000000004200000000000000000000000000001121205                         0000000000000000000000000                                             000015
102021974950001161584870000003760                             82010223120      000                        1421091205                              101205000000000420010414338000000000000125647101121205              0000000000000000000000000000000000000000000000004200000000000000000000000000001121205                         0000000000000000000000000                                             000016
102021974950001161584870000003760                             82010224127      000                        1421091205                              101205000000000420010414338000000000000125647101121205              0000000000000000000000000000000000000000000000004200000000000000000000000000001121205                         0000000000000000000000000                                             000017
102021974950001161584870000003760                             82030113126      000                        1421091205                              101205000000000750010424465000000000000240655100091205              0000000000000000000000000000000000000000000000007500000000000000000000000000001091205                         0000000000000000000000000                                             000018
102021974950001161584870000003760                             82030116125      000                        1421091205                              101205000000000750010424465000000000000125647101121205              0000000000000000000000000000000000000000000000007500000000000000000000000000001121205                         0000000000000000000000000                                             000019
102021974950001161584870000003760                             82030129120      000                        1421091205                              101205000000000750010424465000000000000125647101121205              0000000000000000000000000000000000000000000000007500000000000000000000000000001121205                         0000000000000000000000000                                             000020
102021974950001161584870000003760                             82030130128      000                        1421091205                              101205000000000750010424465000000000000125639100091205              0000000000000000000000000000000000000000000000007500000000000000000000000000001091205                         0000000000000000000000000                                             000021
102021974950001161584870000003760                             82030132120      000                        1421091205                              101205000000000750010424465000000000000125647101121205              0000000000000000000000000000000000000000000000007500000000000000000000000000001121205                         0000000000000000000000000                                             000022
102021974950001161584870000003760                             82030134123      000                        1421091205                              101205000000000750010424465000000000000125647101121205              0000000000000000000000000000000000000000000000007500000000000000000000000000001121205                         0000000000000000000000000                                             000023
102021974950001161584870000003760                             82040103131      000                        1421091205                              101205000000000430075641796000000000000270663101121205              0000000000000000000000000000000000000000000000004300000000000000000000000000001121205                         0000000000000000000000000                                             000024
102021974950001161584870000003760                             82040106130      000                        1421091205                              101205000000000430075641796000000000000270663101121205              0000000000000000000000000000000000000000000000004300000000000000000000000000001121205                         0000000000000000000000000                                             000025
102021974950001161584870000003760                             82040111134      000                        1421091205                              101205000000000430075641796000000000000270663101121205              0000000000000000000000000000000000000000000000004300000000000000000000000000001121205                         0000000000000000000000000                                             000026
102021974950001161584870000003760                             82040135130      000                        1421091205                              101205000000012040000110126000000000000270663101121205              0000000000000000000000000000000000000000000000120400000000000000000000000000001121205                         0000000000000000000000000                                             000027
102021974950001161584870000003760                             82040210132      000                        1421091205                              101205000000000430000116646000000000000270663101121205              0000000000000000000000000000000000000000000000004300000000000000000000000000001121205                         0000000000000000000000000                                             000028
102021974950001161584870000003760                             82040214138      000                        1421091205                              101205000000000430010400523000000000000125647101121205              0000000000000000000000000000000000000000000000004300000000000000000000000000001121205                         0000000000000000000000000                                             000029
102021974950001161584870000003760                             82040302134      000                        1421091205                              151205000000000360006500016000000000000270663101121205              0000000000000000000000000000000000000000000000003600000000000000000000000000001121205                         0000000000000000000000000                                             000030
102021974950001161584870000003760                             82040415133      000                        1421091205                              101205000000000860010400523000000000000125620101121205              0000000000000000000000000000000000000000000000008600000000000000000000000000001121205                         0000000000000000000000000                                             000031
102021974950001161584870000003760                             82040420129      000                        1421091205                              101205000000000860000125646000000000000270663101121205              0000000000000000000000000000000000000000000000008600000000000000000000000000001121205                         0000000000000000000000000                                             000032
102021974950001161584870000003760                             82040421133      000                        1421091205                              101205000000000860010400523000000000000125647101121205              0000000000000000000000000000000000000000000000008600000000000000000000000000001121205                         0000000000000000000000000                                             000033
102021974950001161584870000003760                             82040422130      000                        1421091205                              101205000000000860010400523000000000000125647101121205              0000000000000000000000000000000000000000000000008600000000000000000000000000001121205                         0000000000000000000000000                                             000034
102021974950001161584870000003760                             82040426135      000                        1421091205                              101205000000000860010400523000000000000125620101121205              0000000000000000000000000000000000000000000000008600000000000000000000000000001121205                         0000000000000000000000000                                             000035
102021974950001161584870000003760                             82040429134      000                        1421091205                              101205000000000860010400523000000000000125620101121205              0000000000000000000000000000000000000000000000008600000000000000000000000000001121205                         0000000000000000000000000                                             000036
102021974950001161584870000003760                             82040437137      000                        1421091205                              000000000000013760039928996000000000000270663101121205              0000000000000000000000000000000000000000000000137600000000000000000000000000001121205                         0000000000000000000000000                                             000037
102021974950001161584870000003760                             82040502133      000                        1421091205                              101205000000000860006500016000000000000270663101121205              0000000000000000000000000000000000000000000000008600000000000000000000000000001121205                         0000000000000000000000000                                             000038
102021974950001161584870000003760                             82040510128      000                        1421091205                              101205000000000860074822066000000000000270663101121205              0000000000000000000000000000000000000000000000008600000000000000000000000000001121205                         0000000000000000000000000                                             000039
102021974950001161584870000003760                             82040512139      000                        1421091205                              000000000000000860039928996000000000000270663101121205              0000000000000000000000000000000000000000000000008600000000000000000000000000001121205                         0000000000000000000000000                                             000040
102021974950001161584870000003760                             82040513135      000                        1421091205                              101205000000000860010400523000000000000125647101121205              0000000000000000000000000000000000000000000000008600000000000000000000000000001121205                         0000000000000000000000000                                             000041
102021974950001161584870000003760                             82040514131      000                        1421091205                              101205000000000860006500016000000000000270663101121205              0000000000000000000000000000000000000000000000008600000000000000000000000000001121205                         0000000000000000000000000                                             000042
102021974950001161584870000003760                             82040517130      000                        1421091205                              101205000000000860006500016000000000000270663101121205              0000000000000000000000000000000000000000000000008600000000000000000000000000001121205                         0000000000000000000000000                                             000043
102021974950001161584870000003760                             82040520123      000                        1421091205                              101205000000000860010400523000000000000125647101121205              0000000000000000000000000000000000000000000000008600000000000000000000000000001121205                         0000000000000000000000000                                             000044
102021974950001161584870000003760                             82040520131      000                        1421091205                              101205000000000860010400523000000000000125647101121205              0000000000000000000000000000000000000000000000008600000000000000000000000000001121205                         0000000000000000000000000                                             000045
102021974950001161584870000003760                             82040523130      000                        1421091205                              101205000000000860002410026000000000000270663101121205              0000000000000000000000000000000000000000000000008600000000000000000000000000001121205                         0000000000000000000000000                                             000046
102021974950001161584870000003760                             82040527136      000                        1421091205                              101205000000000860010400523000000000000125647101121205              0000000000000000000000000000000000000000000000008600000000000000000000000000001121205                         0000000000000000000000000                                             000047
102021974950001161584870000003760                             82040528132      000                        1421091205                              101205000000000860010400523000000000000125620101121205              0000000000000000000000000000000000000000000000008600000000000000000000000000001121205                         0000000000000000000000000                                             000048
102021974950001161584870000003760                             82040605137      000                        1421091205                              101205000000000860010400523000000000000125647101121205              0000000000000000000000000000000000000000000000008600000000000000000000000000001121205                         0000000000000000000000000                                             000049
102021974950001161584870000003760                             82040607121      000                        1421091205                              101205000000000860075641796000000000000270663101121205              0000000000000000000000000000000000000000000000008600000000000000000000000000001121205                         0000000000000000000000000                                             000050
102021974950001161584870000003760                             82040607130      000                        1421091205                              101205000000000860075641796000000000000270663101121205              0000000000000000000000000000000000000000000000008600000000000000000000000000001121205                         0000000000000000000000000                                             000051
102021974950001161584870000003760                             82040610130      000                        1421091205                              101205000000000860075641796000000000000270663101121205              0000000000000000000000000000000000000000000000008600000000000000000000000000001121205                         0000000000000000000000000                                             000052
102021974950001161584870000003760                             82040611137      000                        1421091205                              101205000000000860006500016000000000000270663101121205              0000000000000000000000000000000000000000000000008600000000000000000000000000001121205                         0000000000000000000000000                                             000053
102021974950001161584870000003760                             82040639139      000                        1421091205                              101205000000000860010407730000000000000125647101121205              0000000000000000000000000000000000000000000000008600000000000000000000000000001121205                         0000000000000000000000000                                             000054
102021974950001161584870000003760                             82050105137      000                        1421091205                              101205000000000400010412955000000000000125647101121205              0000000000000000000000000000000000000000000000004000000000000000000000000000001121205                         0000000000000000000000000                                             000055
102021974950001161584870000003760                             82050110130      000                        1421091205                              101205000000000400006500016000000000000270663101121205              0000000000000000000000000000000000000000000000004000000000000000000000000000001121205                         0000000000000000000000000                                             000056
102021974950001161584870000003760                             82050112133      000                        1421091205                              101205000000000400006500016000000000000270663101121205              0000000000000000000000000000000000000000000000004000000000000000000000000000001121205                         0000000000000000000000000                                             000057
102021974950001161584870000003760                             82050120136      000                        1421091205                              101205000000000400006500016000000000000270663101121205              0000000000000000000000000000000000000000000000004000000000000000000000000000001121205                         0000000000000000000000000                                             000058
102021974950001161584870000003760                             82050124131      000                        1421091205                              101205000000000400007347476000000000000270663101121205              0000000000000000000000000000000000000000000000004000000000000000000000000000001121205                         0000000000000000000000000                                             000059
102021974950001161584870000003760                             82050129133      000                        1421091205                              101205000000000400007347476000000000000270663101121205              0000000000000000000000000000000000000000000000004000000000000000000000000000001121205                         0000000000000000000000000                                             000060
102021974950001161584870000003760                             82050135133      000                        1421091205                              101205000000000400010400531000000000000125647101121205              0000000000000000000000000000000000000000000000004000000000000000000000000000001121205                         0000000000000000000000000                                             000061
102021974950001161584870000003760                             82050137136      000                        1421091205                              101205000000000400006500016000000000000270663101121205              0000000000000000000000000000000000000000000000004000000000000000000000000000001121205                         0000000000000000000000000                                             000062
102021974950001161584870000003760                             82050201136      000                        1421091205                              101205000000000400006500016000000000000270663101121205              0000000000000000000000000000000000000000000000004000000000000000000000000000001121205                         0000000000000000000000000                                             000063
102021974950001161584870000003760                             82050202132      000                        1421091205                              101205000000000400006500016000000000000270663101121205              0000000000000000000000000000000000000000000000004000000000000000000000000000001121205                         0000000000000000000000000                                             000064
102021974950001161584870000003760                             82050217130      000                        1421091205                              101205000000000400007347476000000000000270663101121205              0000000000000000000000000000000000000000000000004000000000000000000000000000001121205                         0000000000000000000000000                                             000065
102021974950001161584870000003760                             82050220130      000                        1421091205                              101205000000000400006500016000000000000270663101121205              0000000000000000000000000000000000000000000000004000000000000000000000000000001121205                         0000000000000000000000000                                             000066
102021974950001161584870000003760                             82050223130      000                        1421091205                              101205000000000400006500016000000000000270663101121205              0000000000000000000000000000000000000000000000004000000000000000000000000000001121205                         0000000000000000000000000                                             000067
102021974950001161584870000003760                             82050225132      000                        1421091205                              101205000000000400075641796000000000000270663101121205              0000000000000000000000000000000000000000000000004000000000000000000000000000001121205                         0000000000000000000000000                                             000068
102021974950001161584870000003760                             82050232139      000                        1421091205                              101205000000000400006500016000000000000270663101121205              0000000000000000000000000000000000000000000000004000000000000000000000000000001121205                         0000000000000000000000000                                             000069
102021974950001161584870000003760                             82050306132      000                        1421091205                              101205000000000860075641796000000000000270663101121205              0000000000000000000000000000000000000000000000008600000000000000000000000000001121205                         0000000000000000000000000                                             000070
102021974950001161584870000003760                             82050310130      000                        1421091205                              101205000000000860006500016000000000000270663101121205              0000000000000000000000000000000000000000000000008600000000000000000000000000001121205                         0000000000000000000000000                                             000071
102021974950001161584870000003760                             82050313139      000                        1421091205                              101205000000000860000116666000000000000270663101121205              0000000000000000000000000000000000000000000000008600000000000000000000000000001121205                         0000000000000000000000000                                             000072
102021974950001161584870000003760                             82050318130      000                        1421091205                              101205000000000860010427782000000000000125647101121205              0000000000000000000000000000000000000000000000008600000000000000000000000000001121205                         0000000000000000000000000                                             000073
102021974950001161584870000003760                             82050322138      000                        1421091205                              101205000000000860010427782000000000000125647101121205              0000000000000000000000000000000000000000000000008600000000000000000000000000001121205                         0000000000000000000000000                                             000074
102021974950001161584870000003760                             82050326133      000                        1421091205                              101205000000000860000116666000000000000270663101121205              0000000000000000000000000000000000000000000000008600000000000000000000000000001121205                         0000000000000000000000000                                             000075
102021974950001161584870000003760                             82060113140      000                        1421091205                              151205000000000860006500016000000000000270663101121205              0000000000000000000000000000000000000000000000008600000000000000000000000000001121205                         0000000000000000000000000                                             000076
102021974950001161584870000003760                             82060203123      000                        1421091205                              101205000000000860010421911000000000000125647101121205              0000000000000000000000000000000000000000000000008600000000000000000000000000001121205                         0000000000000000000000000                                             000077
102021974950001161584870000003760                             82060208125      000                        1421091205                              101205000000000860075641796000000000000270663101121205              0000000000000000000000000000000000000000000000008600000000000000000000000000001121205                         0000000000000000000000000                                             000078
102021974950001161584870000003760                             82060214125      000                        1421091205                              101205000000000860006500016000000000000270663101121205              0000000000000000000000000000000000000000000000008600000000000000000000000000001121205                         0000000000000000000000000                                             000079
102021974950001161584870000003760                             82060216128      000                        1421091205                              101205000000000860006500016000000000000270663101121205              0000000000000000000000000000000000000000000000008600000000000000000000000000001121205                         0000000000000000000000000                                             000080
102021974950001161584870000003760                             82060221121      000                        1421091205                              101205000000000860010421911000000000000125647101121205              0000000000000000000000000000000000000000000000008600000000000000000000000000001121205                         0000000000000000000000000                                             000081
102021974950001161584870000003760                             82060222128      000                        1421091205                              101205000000000860010425461000000000000125647101121205              0000000000000000000000000000000000000000000000008600000000000000000000000000001121205                         0000000000000000000000000                                             000082
102021974950001161584870000003760                             82060224120      000                        1421091205                              101205000000000860075641796000000000000270663101121205              0000000000000000000000000000000000000000000000008600000000000000000000000000001121205                         0000000000000000000000000                                             000083
102021974950001161584870000003760                             82060228126      000                        1421091205                              101205000000000860075641796000000000000270663101121205              0000000000000000000000000000000000000000000000008600000000000000000000000000001121205                         0000000000000000000000000                                             000084
102021974950001161584870000003760                             82060229122      000                        1421091205                              101205000000000860075641796000000000000270663101121205              0000000000000000000000000000000000000000000000008600000000000000000000000000001121205                         0000000000000000000000000                                             000085
102021974950001161584870000003760                             82060231127      000                        1421091205                              101205000000000860075641796000000000000270663101121205              0000000000000000000000000000000000000000000000008600000000000000000000000000001121205                         0000000000000000000000000                                             000086
102021974950001161584870000003760                             82060234126      000                        1421091205                              101205000000000860006500016000000000000270663101121205              0000000000000000000000000000000000000000000000008600000000000000000000000000001121205                         0000000000000000000000000                                             000087
102021974950001161584870000003760                             82060315126      000                        1421091205                              151205000000000860075641796000000000000270663101121205              0000000000000000000000000000000000000000000000008600000000000000000000000000001121205                         0000000000000000000000000                                             000088
102021974950001161584870000003760                             82060324125      000                        1421091205                              151205000000000860010408761000000000000125647101121205              0000000000000000000000000000000000000000000000008600000000000000000000000000001121205                         0000000000000000000000000                                             000089
102021974950001161584870000003760                             82060328120      000                        1421091205                              151205000000000860006500016000000000000270663101121205              0000000000000000000000000000000000000000000000008600000000000000000000000000001121205                         0000000000000000000000000                                             000090
102021974950001161584870000003760                             82070103130      000                        1421091205                              101205000000000860034131756000000000000270663101121205              0000000000000000000000000000000000000000000000008600000000000000000000000000001121205                         0000000000000000000000000                                             000091
102021974950001161584870000003760                             82070104136      000                        1421091205                              101205000000000860006500016000000000000270663101121205              0000000000000000000000000000000000000000000000008600000000000000000000000000001121205                         0000000000000000000000000                                             000092
102021974950001161584870000003760                             82070111132      000                        1421091205                              101205000000000860023732026000000000000270663101121205              0000000000000000000000000000000000000000000000008600000000000000000000000000001121205                         0000000000000000000000000                                             000093
102021974950001161584870000003760                             82070112139      000                        1421091205                              101205000000000860010410286000000000000125647101121205              0000000000000000000000000000000000000000000000008600000000000000000000000000001121205                         0000000000000000000000000                                             000094
102021974950001161584870000003760                             82070113135      000                        1421091205                              101205000000000860006500016000000000000270663101121205              0000000000000000000000000000000000000000000000008600000000000000000000000000001121205                         0000000000000000000000000                                             000095
102021974950001161584870000003760                             82070123130      000                        1421091205                              101205000000000860010410286000000000000125647101121205              0000000000000000000000000000000000000000000000008600000000000000000000000000001121205                         0000000000000000000000000                                             000096
102021974950001161584870000003760                             82070127136      000                        1421091205                              101205000000000860075641796000000000000270663101121205              0000000000000000000000000000000000000000000000008600000000000000000000000000001121205                         0000000000000000000000000                                             000097
102021974950001161584870000003760                             82070130137      000                        1421091205                              101205000000000860010400450000000000000125647101121205              0000000000000000000000000000000000000000000000008600000000000000000000000000001121205                         0000000000000000000000000                                             000098
102021974950001161584870000003760                             82070202138      000                        1421091205                              000000000000000860039928996000000000000270663101121205              0000000000000000000000000000000000000000000000008600000000000000000000000000001121205                         0000000000000000000000000                                             000099
102021974950001161584870000003760                             82070211137      000                        1421091205                              101205000000000860010410308000000000000125647101121205              0000000000000000000000000000000000000000000000008600000000000000000000000000001121205                         0000000000000000000000000                                             000100
102021974950001161584870000003760                             82070213130      000                        1421091205                              101205000000000860023732066000000000000270663101121205              0000000000000000000000000000000000000000000000008600000000000000000000000000001121205                         0000000000000000000000000                                             000101
102021974950001161584870000003760                             82070214136      000                        1421091205                              101205000000000860002410476000000000000270663101121205              0000000000000000000000000000000000000000000000008600000000000000000000000000001121205                         0000000000000000000000000                                             000102
102021974950001161584870000003760                             82070215132      000                        1421091205                              101205000000000860010406785000000000000125647101121205              0000000000000000000000000000000000000000000000008600000000000000000000000000001121205                         0000000000000000000000000                                             000103
102021974950001161584870000003760                             82070217135      000                        1421091205                              101205000000000860010410286000000000000125647101121205              0000000000000000000000000000000000000000000000008600000000000000000000000000001121205                         0000000000000000000000000                                             000104
102021974950001161584870000003760                             82070232126      000                        1421091205                              101205000000000860010410286000000000000125647101121205              0000000000000000000000000000000000000000000000008600000000000000000000000000001121205                         0000000000000000000000000                                             000105
102021974950001161584870000003760                             82070301136      000                        1421091205                              151205000000000860006500016000000000000270663101121205              0000000000000000000000000000000000000000000000008600000000000000000000000000001121205                         0000000000000000000000000                                             000106
102021974950001161584870000003760                             82070304135      000                        1421091205                              151205000000000860023712326000000000000270663101121205              0000000000000000000000000000000000000000000000008600000000000000000000000000001121205                         0000000000000000000000000                                             000107
102021974950001161584870000003760                             82070421131      000                        1421091205                              151205000000000860034108746000000000000270663101121205              0000000000000000000000000000000000000000000000008600000000000000000000000000001121205                         0000000000000000000000000                                             000108
102021974950001161584870000003760                             82090102139      000                        1421091205                              101205000000000750010400540000000000000125647101121205              0000000000000000000000000000000000000000000000007500000000000000000000000000001121205                         0000000000000000000000000                                             000109
102021974950001161584870000003760                             82090104131      000                        1421091205                              101205000000000750075641796000000000000270663101121205              0000000000000000000000000000000000000000000000007500000000000000000000000000001121205                         0000000000000000000000000                                             000110
102021974950001161584870000003760                             82090120137      000                        1421091205                              101205000000000750010400540000000000000125647101121205              0000000000000000000000000000000000000000000000007500000000000000000000000000001121205                         0000000000000000000000000                                             000111
102021974950001161584870000003760                             82090124132      000                        1421091205                              101205000000000750006500016000000000000270663101121205              0000000000000000000000000000000000000000000000007500000000000000000000000000001121205                         0000000000000000000000000                                             000112
102021974950001161584870000003760                             82090131139      000                        1421091205                              101205000000000750075641796000000000000270663101121205              0000000000000000000000000000000000000000000000007500000000000000000000000000001121205                         0000000000000000000000000                                             000113
102021974950001161584870000003760                             82090201137      000                        1421091205                              101205000000000750010400540000000000000125647101121205              0000000000000000000000000000000000000000000000007500000000000000000000000000001121205                         0000000000000000000000000                                             000114
102021974950001161584870000003760                             82090205132      000                        1421091205                              101205000000000750006500016000000000000270663101121205              0000000000000000000000000000000000000000000000007500000000000000000000000000001121205                         0000000000000000000000000                                             000115
102021974950001161584870000003760                             82090219133      000                        1421091205                              101205000000000750010400540000000000000125647101121205              0000000000000000000000000000000000000000000000007500000000000000000000000000001121205                         0000000000000000000000000                                             000116
102021974950001161584870000003760                             82090224137      000                        1421091205                              101205000000000750075641796000000000000270663101121205              0000000000000000000000000000000000000000000000007500000000000000000000000000001121205                         0000000000000000000000000                                             000117
102021974950001161584870000003760                             82090302138      000                        1421091205                              101205000000000750010407749000000000000125647101121205              0000000000000000000000000000000000000000000000007500000000000000000000000000001121205                         0000000000000000000000000                                             000118
102021974950001161584870000003760                             82090322139      000                        1421091205                              101205000000000750010407749000000000000125647101121205              0000000000000000000000000000000000000000000000007500000000000000000000000000001121205                         0000000000000000000000000                                             000119
102021974950001161584870000003760                             82090327130      000                        1421091205                              101205000000000750010400540000000000000125647101121205              0000000000000000000000000000000000000000000000007500000000000000000000000000001121205                         0000000000000000000000000                                             000120
102021974950001161584870000003760                             82090409137      000                        1421091205                              000000000000000750023717836000000000000270663101121205              0000000000000000000000000000000000000000000000007500000000000000000000000000001121205                         0000000000000000000000000                                             000121
102021974950001161584870000003760                             82090427135      000                        1421091205                              101205000000000750010412424000000000000125647101121205              0000000000000000000000000000000000000000000000007500000000000000000000000000001121205                         0000000000000000000000000                                             000122
102021974950001161584870000003760                             82090510130      000                        1421091205                              101205000000000750010408770000000000000125647101121205              0000000000000000000000000000000000000000000000007500000000000000000000000000001121205                         0000000000000000000000000                                             000123
102021974950001161584870000003760                             82090511136      000                        1421091205                              101205000000000375010408770000000000000125647101121205              0000000000000000000000000000000000000000000000003750000000000000000000000000001121205                         0000000000000000000000000                                             000124
102021974950001161584870000003760                             82090525137      000                        1421091205                              101205000000000375006500016000000000000270663101121205              0000000000000000000000000000000000000000000000003750000000000000000000000000001121205                         0000000000000000000000000                                             000125
102021974950001161584870000003760                             82090606137      000                        1421091205                              101205000000000750010408770000000000000125647101121205              0000000000000000000000000000000000000000000000007500000000000000000000000000001121205                         0000000000000000000000000                                             000126
102021974950001161584870000003760                             82090611130      000                        1421091205                              101205000000000375010408770000000000000125647101121205              0000000000000000000000000000000000000000000000003750000000000000000000000000001121205                         0000000000000000000000000                                             000127
102021974950001161584870000003760                             82090612137      000                        1421091205                              101205000000000375010408770000000000000125647101121205              0000000000000000000000000000000000000000000000003750000000000000000000000000001121205                         0000000000000000000000000                                             000128
102021974950001161584870000003760                             82090617139      000                        1421091205                              101205000000000375006500016000000000000270663101121205              0000000000000000000000000000000000000000000000003750000000000000000000000000001121205                         0000000000000000000000000                                             000129
102021974950001161584870000003760                             82090619131      000                        1421091205                              101205000000000375006500016000000000000270663101121205              0000000000000000000000000000000000000000000000003750000000000000000000000000001121205                         0000000000000000000000000                                             000130
102021974950001161584870000003760                             82090707138      000                        1421091205                              101205000000000750006500016000000000000270663101121205              0000000000000000000000000000000000000000000000007500000000000000000000000000001121205                         0000000000000000000000000                                             000131
102021974950001161584870000003760                             82090714134      000                        1421091205                              101205000000000750010408770000000000000125647101121205              0000000000000000000000000000000000000000000000007500000000000000000000000000001121205                         0000000000000000000000000                                             000132
102021974950001161584870000003760                             82090716137      000                        1421091205                              101205000000000750075641796000000000000270663101121205              0000000000000000000000000000000000000000000000007500000000000000000000000000001121205                         0000000000000000000000000                                             000133
102021974950001161584870000003760                             82090720134      000                        1421091205                              101205000000000750010408770000000000000125647101121205              0000000000000000000000000000000000000000000000007500000000000000000000000000001121205                         0000000000000000000000000                                             000134
102021974950001161584870000003760                             82090728135      000                        1421091205                              101205000000000750010408770000000000000125647101121205              0000000000000000000000000000000000000000000000007500000000000000000000000000001121205                         0000000000000000000000000                                             000135
102021974950001161584870000003760                             82090729131      000                        1421091205                              101205000000000750010408770000000000000125647101121205              0000000000000000000000000000000000000000000000007500000000000000000000000000001121205                         0000000000000000000000000                                             000136
102021974950001161584870000003760                             82090905134      000                        1421091205                              101205000000000375010412424000000000000125647101121205              0000000000000000000000000000000000000000000000003750000000000000000000000000001121205                         0000000000000000000000000                                             000137
102021974950001161584870000003760                             82090909130      000                        1421091205                              101205000000000750010408770000000000000125647101121205              0000000000000000000000000000000000000000000000007500000000000000000000000000001121205                         0000000000000000000000000                                             000138
102021974950001161584870000003760                             82090913137      000                        1421091205                              101205000000000750010408770000000000000125647101121205              0000000000000000000000000000000000000000000000007500000000000000000000000000001121205                         0000000000000000000000000                                             000139
102021974950001161584870000003760                             82090915130      000                        1421091205                              101205000000000750010408770000000000000125647101121205              0000000000000000000000000000000000000000000000007500000000000000000000000000001121205                         0000000000000000000000000                                             000140
102021974950001161584870000003760                             82090916136      000                        1421091205                              101205000000000750010408770000000000000125647101121205              0000000000000000000000000000000000000000000000007500000000000000000000000000001121205                         0000000000000000000000000                                             000141
102021974950001161584870000003760                             82090918139      000                        1421091205                              101205000000000750010408770000000000000125647101121205              0000000000000000000000000000000000000000000000007500000000000000000000000000001121205                         0000000000000000000000000                                             000142
102021974950001161584870000003760                             82090932131      000                        1421091205                              101205000000017625000122576000000000000270663101121205              0000000000000000000000000000000000000000000000176250000000000000000000000000001121205                         0000000000000000000000000                                             000143
102021974950001161584870000003760                             82091008136      000                        1421091205                              101205000000000750010408770000000000000125647101121205              0000000000000000000000000000000000000000000000007500000000000000000000000000001121205                         0000000000000000000000000                                             000144
102021974950001161584870000003760                             82091018131      000                        1421091205                              101205000000000375006500016000000000000270663101121205              0000000000000000000000000000000000000000000000003750000000000000000000000000001121205                         0000000000000000000000000                                             000145
102021974950001161584870000003760                             82091021132      000                        1421091205                              101205000000000750010408770000000000000125647101121205              0000000000000000000000000000000000000000000000007500000000000000000000000000001121205                         0000000000000000000000000                                             000146
102021974950001161584870000003760                             82091022139      000                        1421091205                              101205000000000375010408770000000000000125647101121205              0000000000000000000000000000000000000000000000003750000000000000000000000000001121205                         0000000000000000000000000                                             000147
102021974950001161584870000003760                             82091028137      000                        1421091205                              101205000000000375010408770000000000000125647101121205              0000000000000000000000000000000000000000000000003750000000000000000000000000001121205                         0000000000000000000000000                                             000148
102021974950001161584870000003760                             82091029133      000                        1421091205                              101205000000000375010408770000000000000125647101121205              0000000000000000000000000000000000000000000000003750000000000000000000000000001121205                         0000000000000000000000000                                             000149
102021974950001161584870000003760                             82091033130      000                        1421091205                              101205000000000375006500016000000000000270663101121205              0000000000000000000000000000000000000000000000003750000000000000000000000000001121205                         0000000000000000000000000                                             000150
102021974950001161584870000003760                             82091102132      000                        1421091205                              101205000000000750006500016000000000000270663101121205              0000000000000000000000000000000000000000000000007500000000000000000000000000001121205                         0000000000000000000000000                                             000151
102021974950001161584870000003760                             82091105131      000                        1421091205                              101205000000000750000112646000000000000270663101121205              0000000000000000000000000000000000000000000000007500000000000000000000000000001121205                         0000000000000000000000000                                             000152
102021974950001161584870000003760                             82091107134      000                        1421091205                              101205000000000750006500016000000000000270663101121205              0000000000000000000000000000000000000000000000007500000000000000000000000000001121205                         0000000000000000000000000                                             000153
102021974950001161584870000003760                             82091108130      000                        1421091205                              101205000000000750006500016000000000000270663101121205              0000000000000000000000000000000000000000000000007500000000000000000000000000001121205                         0000000000000000000000000                                             000154
102021974950001161584870000003760                             82091108149      000                        1421091205                              100106000000000750006500016000000000000270663101121205              0000000000000000000000000000000000000000000000007500000000000000000000000000001121205                         0000000000000000000000000                                             000155
102021974950001161584870000003760                             82091111131      000                        1421091205                              101205000000000750010408770000000000000125647101121205              0000000000000000000000000000000000000000000000007500000000000000000000000000001121205                         0000000000000000000000000                                             000156
102021974950001161584870000003760                             82091124136      000                        1421091205                              101205000000000750006500016000000000000270663101121205              0000000000000000000000000000000000000000000000007500000000000000000000000000001121205                         0000000000000000000000000                                             000157
102021974950001161584870000003760                             82091207139      000                        1421091205                              101205000000000750010400540000000000000125647101121205              0000000000000000000000000000000000000000000000007500000000000000000000000000001121205                         0000000000000000000000000                                             000158
102021974950001161584870000003760                             82091217134      000                        1421091205                              101205000000000750010400540000000000000125647101121205              0000000000000000000000000000000000000000000000007500000000000000000000000000001121205                         0000000000000000000000000                                             000159
102021974950001161584870000003760                             82110101124      000                        1421091205                              101205000000000750010407765000000000000125647101121205              0000000000000000000000000000000000000000000000007500000000000000000000000000001121205                         0000000000000000000000000                                             000160
102021974950001161584870000003760                             82110107122      000                        1421091205                              101205000000000750000110286000000000000270663101121205              0000000000000000000000000000000000000000000000007500000000000000000000000000001121205                         0000000000000000000000000                                             000161
102021974950001161584870000003760                             82110112126      000                        1421091205                              101205000000000750010407765000000000000125647101121205              0000000000000000000000000000000000000000000000007500000000000000000000000000001121205                         0000000000000000000000000                                             000162
102021974950001161584870000003760                             82110113122      000                        1421091205                              101205000000000750000110286000000000000270663101121205              0000000000000000000000000000000000000000000000007500000000000000000000000000001121205                         0000000000000000000000000                                             000163
102021974950001161584870000003760                             82110114129      000                        1421091205                              101205000000000750010407765000000000000125647101121205              0000000000000000000000000000000000000000000000007500000000000000000000000000001121205                         0000000000000000000000000                                             000164
102021974950001161584870000003760                             82110116121      000                        1421091205                              101205000000000750010407765000000000000125647101121205              0000000000000000000000000000000000000000000000007500000000000000000000000000001121205                         0000000000000000000000000                                             000165
102021974950001161584870000003760                             82110118124      000                        1421091205                              101205000000000750010407765000000000000125647101121205              0000000000000000000000000000000000000000000000007500000000000000000000000000001121205                         0000000000000000000000000                                             000166
102021974950001161584870000003760                             82110120129      000                        1421091205                              101205000000000750000110286000000000000270663101121205              0000000000000000000000000000000000000000000000007500000000000000000000000000001121205                         0000000000000000000000000                                             000167
102021974950001161584870000003760                             82110123128      000                        1421091205                              101205000000000750010407765000000000000125647101121205              0000000000000000000000000000000000000000000000007500000000000000000000000000001121205                         0000000000000000000000000                                             000168
102021974950001161584870000003760                             82110202125      000                        1421091205                              101205000000000450007347476000000000000270663101121205              0000000000000000000000000000000000000000000000004500000000000000000000000000001121205                         0000000000000000000000000                                             000169
102021974950001161584870000003760                             82110204128      000                        1421091205                              101205000000000450010407765000000000000125647101121205              0000000000000000000000000000000000000000000000004500000000000000000000000000001121205                         0000000000000000000000000                                             000170
102021974950001161584870000003760                             82110205124      000                        1421091205                              101205000000000450010407765000000000000125620101121205              0000000000000000000000000000000000000000000000004500000000000000000000000000001121205                         0000000000000000000000000                                             000171
102021974950001161584870000003760                             82110206120      000                        1421091205                              101205000000000450010407765000000000000125620101121205              0000000000000000000000000000000000000000000000004500000000000000000000000000001121205                         0000000000000000000000000                                             000172
102021974950001161584870000003760                             82110208123      000                        1421091205                              101205000000000450010407765000000000000125620101121205              0000000000000000000000000000000000000000000000004500000000000000000000000000001121205                         0000000000000000000000000                                             000173
102021974950001161584870000003760                             82110209120      000                        1421091205                              101205000000000450010407765000000000000125620101121205              0000000000000000000000000000000000000000000000004500000000000000000000000000001121205                         0000000000000000000000000                                             000174
102021974950001161584870000003760                             82110210128      000                        1421091205                              101205000000000450010407765000000000000125620101121205              0000000000000000000000000000000000000000000000004500000000000000000000000000001121205                         0000000000000000000000000                                             000175
102021974950001161584870000003760                             82110212120      000                        1421091205                              101205000000000450010407765000000000000125620101121205              0000000000000000000000000000000000000000000000004500000000000000000000000000001121205                         0000000000000000000000000                                             000176
102021974950001161584870000003760                             82110215120      000                        1421091205                              101205000000000450010407765000000000000125620101121205              0000000000000000000000000000000000000000000000004500000000000000000000000000001121205                         0000000000000000000000000                                             000177
102021974950001161584870000003760                             82110217122      000                        1421091205                              101205000000000450010407765000000000000125620101121205              0000000000000000000000000000000000000000000000004500000000000000000000000000001121205                         0000000000000000000000000                                             000178
102021974950001161584870000003760                             82110218129      000                        1421091205                              101205000000000450010407765000000000000125620101121205              0000000000000000000000000000000000000000000000004500000000000000000000000000001121205                         0000000000000000000000000                                             000179
102021974950001161584870000003760                             82110219125      000                        1421091205                              101205000000000450010407765000000000000125620101121205              0000000000000000000000000000000000000000000000004500000000000000000000000000001121205                         0000000000000000000000000                                             000180
102021974950001161584870000003760                             82110220123      000                        1421091205                              101205000000000450010407765000000000000125620101121205              0000000000000000000000000000000000000000000000004500000000000000000000000000001121205                         0000000000000000000000000                                             000181
102021974950001161584870000003760                             82110221120      000                        1421091205                              101205000000000450007347476000000000000270663101121205              0000000000000000000000000000000000000000000000004500000000000000000000000000001121205                         0000000000000000000000000                                             000182
102021974950001161584870000003760                             82110223122      000                        1421091205                              101205000000000450007347476000000000000270663101121205              0000000000000000000000000000000000000000000000004500000000000000000000000000001121205                         0000000000000000000000000                                             000183
102021974950001161584870000003760                             82110224129      000                        1421091205                              101205000000000450010407765000000000000125620101121205              0000000000000000000000000000000000000000000000004500000000000000000000000000001121205                         0000000000000000000000000                                             000184
102021974950001161584870000003760                             82110303126      000                        1421091205                              101205000000000860000108706000000000000270663101121205              0000000000000000000000000000000000000000000000008600000000000000000000000000001121205                         0000000000000000000000000                                             000185
102021974950001161584870000003760                             82110311129      000                        1421091205                              101205000000000860010407765000000000000125647101121205              0000000000000000000000000000000000000000000000008600000000000000000000000000001121205                         0000000000000000000000000                                             000186
102021974950001161584870000003760                             82110313121      000                        1421091205                              101205000000000860010407765000000000000125647101121205              0000000000000000000000000000000000000000000000008600000000000000000000000000001121205                         0000000000000000000000000                                             000187
102021974950001161584870000003760                             82110317127      000                        1421091205                              101205000000000860010407765000000000000125647101121205              0000000000000000000000000000000000000000000000008600000000000000000000000000001121205                         0000000000000000000000000                                             000188
102021974950001161584870000003760                             82110320128      000                        1421091205                              101205000000000860010407765000000000000125647101121205              0000000000000000000000000000000000000000000000008600000000000000000000000000001121205                         0000000000000000000000000                                             000189
102021974950001161584870000003760                             82110327122      000                        1421091205                              101205000000000860006500016000000000000270663101121205              0000000000000000000000000000000000000000000000008600000000000000000000000000001121205                         0000000000000000000000000                                             000190
102021974950001161584870000003760                             82110331120      000                        1421091205                              101205000000000860010407765000000000000125647101121205              0000000000000000000000000000000000000000000000008600000000000000000000000000001121205                         0000000000000000000000000                                             000191
102021974950001161584870000003760                             82120130135      000                        1421091205                              101205000000000650010421245000000000000125647101121205              0000000000000000000000000000000000000000000000006500000000000000000000000000001121205                         0000000000000000000000000                                             000192
102021974950001161584870000003760                             82130125142      000                        1421091205                              101205000000000860023705866000000000000270663101121205              0000000000000000000000000000000000000000000000008600000000000000000000000000001121205                         0000000000000000000000000                                             000193
102021974950001161584870000003760                             82130126149      000                        1421091205                              101205000000000860010409148000000000000125647101121205              0000000000000000000000000000000000000000000000008600000000000000000000000000001121205                         0000000000000000000000000                                             000194
102021974950001161584870000003760                             82130210140      000                        1421091205                              101205000000000860010409148000000000000125620101121205              0000000000000000000000000000000000000000000000008600000000000000000000000000001121205                         0000000000000000000000000                                             000195
102021974950001161584870000003760                             82130211146      000                        1421091205                              101205000000000860006500016000000000000270663101121205              0000000000000000000000000000000000000000000000008600000000000000000000000000001121205                         0000000000000000000000000                                             000196
102021974950001161584870000003760                             82130212134      000                        1421091205                              101105000000000860010409148000000000000240655100091205              0000000000000000000000000000000000000000000000008780000000000018000000000000001091205                         0000000000000000000000000                                             000197
102021974950001161584870000003760                             82130216148      000                        1421091205                              101205000000000860010409148000000000000125647101121205              0000000000000000000000000000000000000000000000008600000000000000000000000000001121205                         0000000000000000000000000                                             000198
102021974950001161584870000003760                             82130226143      000                        1421091205                              101205000000000860010409148000000000000125620101121205              0000000000000000000000000000000000000000000000008600000000000000000000000000001121205                         0000000000000000000000000                                             000199
102021974950001161584870000003760                             82130301145      000                        1421091205                              101205000000000860010409148000000000000125647101121205              0000000000000000000000000000000000000000000000008600000000000000000000000000001121205                         0000000000000000000000000                                             000200
102021974950001161584870000003760                             82130305140      000                        1421091205                              101205000000000860010409148000000000000125647101121205              0000000000000000000000000000000000000000000000008600000000000000000000000000001121205                         0000000000000000000000000                                             000201
102021974950001161584870000003760                             82130311140      000                        1421091205                              101205000000000860000109816000000000000270663101121205              0000000000000000000000000000000000000000000000008600000000000000000000000000001121205                         0000000000000000000000000                                             000202
102021974950001161584870000003760                             82130314140      000                        1421091205                              101205000000000860075641796000000000000270663101121205              0000000000000000000000000000000000000000000000008600000000000000000000000000001121205                         0000000000000000000000000                                             000203
102021974950001161584870000003760                             82130318145      000                        1421091205                              101205000000000860010409148000000000000125647101121205              0000000000000000000000000000000000000000000000008600000000000000000000000000001121205                         0000000000000000000000000                                             000204
102021974950001161584870000003760                             82999032334      000                        1421091205                              201205000000000860075641796000000000000270663101121205              0000000000000000000000000000000000000000000000008600000000000000000000000000001121205                         0000000000000000000000000                                             000205
9201104                                                                                                                                                                                                                                                                                                                                                                                                   000206
