02RETORNO01COBRANCA       1584870000003760    IPAD                          104C ECON FEDERAL 120207                                                                                                                                                                                                                                                                                                 00389000001
102021974950001161584870000003760                             82031019131      000                        1421120207                              280207000000000760006500016000000000000270663101130207              0000000000000000000000000000000000000000000000007600000000000000000000000000001130207                         0000000000000000000000000                                             000002
102021974950001161584870000003760                             82031028130      000                        1421120207                              280207000000000760000141966000000000000270663101130207              0000000000000000000000000000000000000000000000007600000000000000000000000000001130207                         0000000000000000000000000                                             000003
102021974950001161584870000003760                             82031104147      000                        1421120207                              100207000000000760010424465000000000000125647101130207              0000000000000000000000000000000000000000000000007600000000000000000000000000001130207                         0000000000000000000000000                                             000004
102021974950001161584870000003760                             82031113146      000                        1421120207                              100207000000000760010424465000000000000125647101130207              0000000000000000000000000000000000000000000000007600000000000000000000000000001130207                         0000000000000000000000000                                             000005
102021974950001161584870000003760                             82031122145      000                        1421120207                              100207000000000760010424465000000000000125647101130207              0000000000000000000000000000000000000000000000007600000000000000000000000000001130207                         0000000000000000000000000                                             000006
102021974950001161584870000003760                             82031124148      000                        1421120207                              100207000000000760010424465000000000000125647101130207              0000000000000000000000000000000000000000000000007600000000000000000000000000001130207                         0000000000000000000000000                                             000007
102021974950001161584870000003760                             82060335178      000                        1421120207                              120207000000000860010408761000000000000125647101130207              0000000000000000000000000000000000000000000000008600000000000000000000000000001130207                         0000000000000000000000000                                             000008
102021974950001161584870000003760                             82061040120      000                        1421120207                              150207000000000760010400531000000000000125647101130207              0000000000000000000000000000000000000000000000007600000000000000000000000000001130207                         0000000000000000000000000                                             000009
102021974950001161584870000003760                             82070627171      000                        1421120207                              280207000000000760010400450000000000000125647101130207              0000000000000000000000000000000000000000000000007600000000000000000000000000001130207                         0000000000000000000000000                                             000010
102021974950001161584870000003760                             82071421143      000                        1421120207                              100207000000000760010421245000000000000125647101130207              0000000000000000000000000000000000000000000000007600000000000000000000000000001130207                         0000000000000000000000000                                             000011
102021974950001161584870000003760                             82071422140      000                        1421120207                              100207000000000760023721166000000000000270663101130207              0000000000000000000000000000000000000000000000007600000000000000000000000000001130207                         0000000000000000000000000                                             000012
102021974950001161584870000003760                             82071423146      000                        1421120207                              100207000000000760010421245000000000000125647101130207              0000000000000000000000000000000000000000000000007600000000000000000000000000001130207                         0000000000000000000000000                                             000013
102021974950001161584870000003760                             82071425149      000                        1421120207                              100207000000000760039928996000000000000270663101130207              0000000000000000000000000000000000000000000000007600000000000000000000000000001130207                         0000000000000000000000000                                             000014
102021974950001161584870000003760                             82071433141      000                        1421120207                              140207000000000760039928996000000000000270663101130207              0000000000000000000000000000000000000000000000007600000000000000000000000000001130207                         0000000000000000000000000                                             000015
102021974950001161584870000003760                             82071434148      000                        1421120207                              140207000000000760039928996000000000000270663101130207              0000000000000000000000000000000000000000000000007600000000000000000000000000001130207                         0000000000000000000000000                                             000016
102021974950001161584870000003760                             82071437147      000                        1421120207                              140207000000000760039928996000000000000270663101130207              0000000000000000000000000000000000000000000000007600000000000000000000000000001130207                         0000000000000000000000000                                             000017
102021974950001161584870000003760                             82071440148      000                        1421120207                              140207000000000760039928996000000000000270663101130207              0000000000000000000000000000000000000000000000007600000000000000000000000000001130207                         0000000000000000000000000                                             000018
102021974950001161584870000003760                             82111011145      000                        1421120207                              110207000000000760023716956000000000000270663101130207              0000000000000000000000000000000000000000000000007600000000000000000000000000001130207                         0000000000000000000000000                                             000019
102021974950001161584870000003760                             82130405153      000                        1421120207                              100207000000000760006500016000000000000270663101130207              0000000000000000000000000000000000000000000000007600000000000000000000000000001130207                         0000000000000000000000000                                             000020
102021974950001161584870000003760                             82130420152      000                        1421120207                              100207000000000760007347476000000000000270663101130207              0000000000000000000000000000000000000000000000007600000000000000000000000000001130207                         0000000000000000000000000                                             000021
102021974950001161584870000003760                             82130427157      000                        1421120207                              100207000000000760010409148000000000000125647101130207              0000000000000000000000000000000000000000000000007600000000000000000000000000001130207                         0000000000000000000000000                                             000022
102021974950001161584870000003760                             82130434145      000                        1421120207                              100207000000000760010409148000000000000125647101130207              0000000000000000000000000000000000000000000000007600000000000000000000000000001130207                         0000000000000000000000000                                             000023
102021974950001161584870000003760                             82130435141      000                        1421120207                              100207000000000760010407765000000000000125647101130207              0000000000000000000000000000000000000000000000007600000000000000000000000000001130207                         0000000000000000000000000                                             000024
102021974950001161584870000003760                             82130437144      000                        1421120207                              100207000000000760023705866000000000000270663101130207              0000000000000000000000000000000000000000000000007600000000000000000000000000001130207                         0000000000000000000000000                                             000025
9201104                                                                                                                                                                                                                                                                                                                                                                                                   000026
