02RETORNO01COBRANCA       1584870000003760    IPAD                          104C ECON FEDERAL 120706                                                                                                                                                                                                                                                                                                 00243000001
102021974950001161584870000003760                             82000046552      000                        1421120706                              000000000000000760010405592000000000000125647101130706              0000000000000000000000000000000000000000000000007600000000000000000000000000001130706                         0000000000000000000000000                                             000002
102021974950001161584870000003760                             82000046587      000                        1421120706                              000000000000000760010415849000000000000125647101130706              0000000000000000000000000000000000000000000000007600000000000000000000000000001130706                         0000000000000000000000000                                             000003
102021974950001161584870000003760                             82010329123      000                        1421120706                              160706000000002100000110606000000000000270663101130706              0000000000000000000000000000000000000000000000021000000000000000000000000000001130706                         0000000000000000000000000                                             000004
102021974950001161584870000003760                             82030230122      000                        1421120706                              100706000000000760010409156000000000000125647101130706              0000000000000000000000000000000000000000000000007767000000000016700000000000001130706                         0000000000000000000000000                                             000005
102021974950001161584870000003760                             82030333134      000                        1421120706                              100706000000000860010409156000000000000125647101130706              0000000000000000000000000000000000000000000000008788000000000018800000000000001130706                         0000000000000000000000000                                             000006
102021974950001161584870000003760                             82030411143      000                        1421120706                              100706000000000760010400523000000000000125647101130706              0000000000000000000000000000000000000000000000007766000000000016600000000000001130706                         0000000000000000000000000                                             000007
102021974950001161584870000003760                             82030506110      000                        1421120706                              150706000000000760000121336000000000000270663101130706              0000000000000000000000000000000000000000000000007600000000000000000000000000001130706                         0000000000000000000000000                                             000008
102021974950001161584870000003760                             82030546111      000                        1421120706                              150706000000000760006500016000000000000270663101130706              0000000000000000000000000000000000000000000000007600000000000000000000000000001130706                         0000000000000000000000000                                             000009
102021974950001161584870000003760                             82030553118      000                        1421120706                              150706000000000760000127026000000000000270663101130706              0000000000000000000000000000000000000000000000007600000000000000000000000000001130706                         0000000000000000000000000                                             000010
102021974950001161584870000003760                             82030807110      000                        1421120706                              100706000000000760010409156000000000000125647101130706              0000000000000000000000000000000000000000000000007767000000000016700000000000001130706                         0000000000000000000000000                                             000011
102021974950001161584870000003760                             82030813110      000                        1421120706                              100706000000000760010409156000000000000125647101130706              0000000000000000000000000000000000000000000000007767000000000016700000000000001130706                         0000000000000000000000000                                             000012
102021974950001161584870000003760                             82030818111      000                        1421120706                              100706000000000760010409156000000000000125647101130706              0000000000000000000000000000000000000000000000007767000000000016700000000000001130706                         0000000000000000000000000                                             000013
102021974950001161584870000003760                             82030833110      000                        1421120706                              100706000000000760010409156000000000000125647101130706              0000000000000000000000000000000000000000000000007767000000000016700000000000001130706                         0000000000000000000000000                                             000014
102021974950001161584870000003760                             82060604136      000                        1421120706                              150606000000000750010412424000000000000125647101130706              0000000000000000000000000000000000000000000000007852000000000035200000000000001130706                         0000000000000000000000000                                             000015
102021974950001161584870000003760                             82060628132      000                        1421120706                              150706000000000750075641796000000000000270663101130706              0000000000000000000000000000000000000000000000007500000000000000000000000000001130706                         0000000000000000000000000                                             000016
102021974950001161584870000003760                             82060706141      000                        1421120706                              150706000000000860010400485000000000000125647101130706              0000000000000000000000000000000000000000000000008600000000000000000000000000001130706                         0000000000000000000000000                                             000017
102021974950001161584870000003760                             82060715124      000                        1421120706                              150606000000000860010400477000000000000125647101130706              0000000000000000000000000000000000000000000000009015000000000041500000000000001130706                         0000000000000000000000000                                             000018
102021974950001161584870000003760                             82060902129      000                        1421120706                              100806000000000760010423485000000000000240655100120706              0000000000000000000000000000000000000000000000007600000000000000000000000000001120706                         0000000000000000000000000                                             000019
102021974950001161584870000003760                             82070628127      000                        1421120706                              210606000000000760010405592000000000000125647101130706              0000000000000000000000000000000000000000000000007911000000000031100000000000001130706                         0000000000000000000000000                                             000020
102021974950001161584870000003760                             82070710117      000                        1421120706                              200706000000000760006500016000000000000270663101130706              0000000000000000000000000000000000000000000000007600000000000000000000000000001130706                         0000000000000000000000000                                             000021
102021974950001161584870000003760                             82071203111      000                        1421120706                              100706000000000760010400485000000000000125647101130706              0000000000000000000000000000000000000000000000007766000000000016600000000000001130706                         0000000000000000000000000                                             000022
102021974950001161584870000003760                             82130223136      000                        1421120706                              120706000000000860010409148000000000000125647101130706              0000000000000000000000000000000000000000000000008600000000000000000000000000001130706                         0000000000000000000000000                                             000023
102021974950001161584870000003760                             82130223152      000                        1421120706                              120706000000000860010409148000000000000125647101130706              0000000000000000000000000000000000000000000000008600000000000000000000000000001130706                         0000000000000000000000000                                             000024
102021974950001161584870000003760                             82130223179      000                        1421120706                              120706000000000860010409148000000000000125647101130706              0000000000000000000000000000000000000000000000008600000000000000000000000000001130706                         0000000000000000000000000                                             000025
9201104                                                                                                                                                                                                                                                                                                                                                                                                   000026
