02RETORNO01COBRANCA       1584870000003760    IPAD                          104C ECON FEDERAL 120307                                                                                                                                                                                                                                                                                                 00406000001
102021974950001161584870000003760                             82000050479      000                        1421120307                              000000000000000800010409156000000000000125647101130307              0000000000000000000000000000000000000000000000008000000000000000000000000000001130307                         0000000000000000000000000                                             000002
102021974950001161584870000003760                             82000052943      000                        1421120307                              000000000000000800010405592000000000000125647101130307              0000000000000000000000000000000000000000000000008000000000000000000000000000001130307                         0000000000000000000000000                                             000003
102021974950001161584870000003760                             82000053630      000                        1421120307                              140307000000000760039928996000000000000270663101130307              0000000000000000000000000000000000000000000000007600000000000000000000000000001130307                         0000000000000000000000000                                             000004
102021974950001161584870000003760                             82030840133      000                        1421120307                              150307000000016720000111626000000000000270663101130307              0000000000000000000000000000000000000000000000167200000000000000000000000000001130307                         0000000000000000000000000                                             000005
102021974950001161584870000003760                             82031104155      000                        1421120307                              100307000000000760010424465000000000000125647101130307              0000000000000000000000000000000000000000000000007600000000000000000000000000001130307                         0000000000000000000000000                                             000006
102021974950001161584870000003760                             82031108150      000                        1421120307                              100307000000000760010424465000000000000125647101130307              0000000000000000000000000000000000000000000000007600000000000000000000000000001130307                         0000000000000000000000000                                             000007
102021974950001161584870000003760                             82031113154      000                        1421120307                              100307000000000760010424465000000000000240655100120307              0000000000000000000000000000000000000000000000007600000000000000000000000000001120307                         0000000000000000000000000                                             000008
102021974950001161584870000003760                             82031118156      000                        1421120307                              100307000000000760010424465000000000000125647101130307              0000000000000000000000000000000000000000000000007600000000000000000000000000001130307                         0000000000000000000000000                                             000009
102021974950001161584870000003760                             82031120150      000                        1421120307                              100307000000000760010424465000000000000125647101130307              0000000000000000000000000000000000000000000000007600000000000000000000000000001130307                         0000000000000000000000000                                             000010
102021974950001161584870000003760                             82031125152      000                        1421120307                              100307000000000760010424465000000000000125647101130307              0000000000000000000000000000000000000000000000007600000000000000000000000000001130307                         0000000000000000000000000                                             000011
102021974950001161584870000003760                             82060406172      000                        1421120307                              100107000000000760010400485000000000000125647101130307              0000000000000000000000000000000000000000000000008165000000000056500000000000001130307                         0000000000000000000000000                                             000012
102021974950001161584870000003760                             82060415147      000                        1421120307                              301206000000000760010408761000000000000240655100120307              0000000000000000000000000000000000000000000000008284000000000068400000000000001120307                         0000000000000000000000000                                             000013
102021974950001161584870000003760                             82060415171      000                        1421120307                              100107000000000760010408761000000000000240655100120307              0000000000000000000000000000000000000000000000008070000000000047000000000000001120307                         0000000000000000000000000                                             000014
102021974950001161584870000003760                             82061012127      000                        1421120307                              300307000000000380010400540000000000000125647101130307              0000000000000000000000000000000000000000000000003800000000000000000000000000001130307                         0000000000000000000000000                                             000015
102021974950001161584870000003760                             82061020111      000                        1421120307                              280207000000000380010400540000000000000125647101130307              0000000000000000000000000000000000000000000000003921000000000012100000000000001130307                         0000000000000000000000000                                             000016
102021974950001161584870000003760                             82071305151      000                        1421120307                              100307000000000760039928996000000000000270663101130307              0000000000000000000000000000000000000000000000007600000000000000000000000000001130307                         0000000000000000000000000                                             000017
102021974950001161584870000003760                             82071421151      000                        1421120307                              100307000000000760010421245000000000000125647101130307              0000000000000000000000000000000000000000000000007600000000000000000000000000001130307                         0000000000000000000000000                                             000018
102021974950001161584870000003760                             82071422158      000                        1421120307                              100307000000000760023721166000000000000270663101130307              0000000000000000000000000000000000000000000000007600000000000000000000000000001130307                         0000000000000000000000000                                             000019
102021974950001161584870000003760                             82071423154      000                        1421120307                              100307000000000760010421245000000000000125647101130307              0000000000000000000000000000000000000000000000007600000000000000000000000000001130307                         0000000000000000000000000                                             000020
102021974950001161584870000003760                             82071440156      000                        1421120307                              140307000000000760039928996000000000000270663101130307              0000000000000000000000000000000000000000000000007600000000000000000000000000001130307                         0000000000000000000000000                                             000021
102021974950001161584870000003760                             82110813140      000                        1421120307                              220207000000000750010407765000000000000240655100120307              0000000000000000000000000000000000000000000000007794000000000029400000000000001120307                         0000000000000000000000000                                             000022
102021974950001161584870000003760                             82110813159      000                        1421120307                              220207000000000750010407765000000000000240655100120307              0000000000000000000000000000000000000000000000007794000000000029400000000000001120307                         0000000000000000000000000                                             000023
102021974950001161584870000003760                             82111002154      000                        1421120307                              110307000000000760010407765000000000000125647101130307              0000000000000000000000000000000000000000000000007600000000000000000000000000001130307                         0000000000000000000000000                                             000024
102021974950001161584870000003760                             82111003150      000                        1421120307                              110307000000000760010407765000000000000125647101130307              0000000000000000000000000000000000000000000000007600000000000000000000000000001130307                         0000000000000000000000000                                             000025
102021974950001161584870000003760                             82130408160      000                        1421120307                              100307000000000760010409148000000000000125647101130307              0000000000000000000000000000000000000000000000007600000000000000000000000000001130307                         0000000000000000000000000                                             000026
102021974950001161584870000003760                             82130420160      000                        1421120307                              100307000000000760010409148000000000000125647101130307              0000000000000000000000000000000000000000000000007600000000000000000000000000001130307                         0000000000000000000000000                                             000027
102021974950001161584870000003760                             82130427165      000                        1421120307                              100307000000000760010409148000000000000125647101130307              0000000000000000000000000000000000000000000000007600000000000000000000000000001130307                         0000000000000000000000000                                             000028
102021974950001161584870000003760                             82130434153      000                        1421120307                              100307000000000760010409148000000000000125647101130307              0000000000000000000000000000000000000000000000007600000000000000000000000000001130307                         0000000000000000000000000                                             000029
102021974950001161584870000003760                             82130435150      000                        1421120307                              100307000000000760010407765000000000000125647101130307              0000000000000000000000000000000000000000000000007600000000000000000000000000001130307                         0000000000000000000000000                                             000030
102021974950001161584870000003760                             82130437152      000                        1421120307                              100307000000000760023705866000000000000270663101130307              0000000000000000000000000000000000000000000000007600000000000000000000000000001130307                         0000000000000000000000000                                             000031
102021974950001161584870000003760                             82130438159      000                        1421120307                              100307000000000760010407765000000000000125647101130307              0000000000000000000000000000000000000000000000007600000000000000000000000000001130307                         0000000000000000000000000                                             000032
9201104                                                                                                                                                                                                                                                                                                                                                                                                   000033
