02RETORNO01COBRANCA       1584870000003760    IPAD                          104C ECON FEDERAL 131205                                                                                                                                                                                                                                                                                                 00099000001
102021974950001161584870000003760                             82010105128      000                        1421131205                              101205000000000750075641796000000000000270663101141205              0000000000000000000000000000000000000000000000007500000000000000000000000000001141205                         0000000000000000000000000                                             000002
102021974950001161584870000003760                             82010107120      000                        1421131205                              101205000000000750075641796000000000000270663101141205              0000000000000000000000000000000000000000000000007500000000000000000000000000001141205                         0000000000000000000000000                                             000003
102021974950001161584870000003760                             82010126125      000                        1421131205                              101205000000000750010414338000000000000125647101141205              0000000000000000000000000000000000000000000000007672000000000017200000000000001141205                         0000000000000000000000000                                             000004
102021974950001161584870000003760                             82010134128      000                        1421131205                              101205000000000750075641796000000000000270663101141205              0000000000000000000000000000000000000000000000007500000000000000000000000000001141205                         0000000000000000000000000                                             000005
102021974950001161584870000003760                             82010217120      000                        1421131205                              101205000000000420010414338000000000000125647101141205              0000000000000000000000000000000000000000000000004410000000000021000000000000001141205                         0000000000000000000000000                                             000006
102021974950001161584870000003760                             82040102135      000                        1421131205                              101205000000000430075641796000000000000270663101141205              0000000000000000000000000000000000000000000000004300000000000000000000000000001141205                         0000000000000000000000000                                             000007
102021974950001161584870000003760                             82040113137      000                        1421131205                              101205000000000430075641796000000000000270663101141205              0000000000000000000000000000000000000000000000004300000000000000000000000000001141205                         0000000000000000000000000                                             000008
102021974950001161584870000003760                             82040120133      000                        1421131205                              101205000000000430075641796000000000000270663101141205              0000000000000000000000000000000000000000000000004300000000000000000000000000001141205                         0000000000000000000000000                                             000009
102021974950001161584870000003760                             82040121130      000                        1421131205                              101205000000000430075641796000000000000270663101141205              0000000000000000000000000000000000000000000000004300000000000000000000000000001141205                         0000000000000000000000000                                             000010
102021974950001161584870000003760                             82040123132      000                        1421131205                              101205000000000430010400523000000000000125647101141205              0000000000000000000000000000000000000000000000004399000000000009900000000000001141205                         0000000000000000000000000                                             000011
102021974950001161584870000003760                             82040136137      000                        1421131205                              101205000000000430075641796000000000000270663101141205              0000000000000000000000000000000000000000000000004300000000000000000000000000001141205                         0000000000000000000000000                                             000012
102021974950001161584870000003760                             82040320132      000                        1421131205                              151205000000000360006500016000000000000270663101141205              0000000000000000000000000000000000000000000000003600000000000000000000000000001141205                         0000000000000000000000000                                             000013
102021974950001161584870000003760                             82040327137      000                        1421131205                              151205000000000360010400523000000000000125639100131205              0000000000000000000000000000000000000000000000003600000000000000000000000000001131205                         0000000000000000000000000                                             000014
102021974950001161584870000003760                             82040333137      000                        1421131205                              151205000000000360006500016000000000000270663101141205              0000000000000000000000000000000000000000000000003600000000000000000000000000001141205                         0000000000000000000000000                                             000015
102021974950001161584870000003760                             82040504136      000                        1421131205                              101205000000000860010400523000000000000125647101141205              0000000000000000000000000000000000000000000000008797000000000019700000000000001141205                         0000000000000000000000000                                             000016
102021974950001161584870000003760                             82040530137      000                        1421131205                              101205000000000860075641796000000000000270663101141205              0000000000000000000000000000000000000000000000008600000000000000000000000000001141205                         0000000000000000000000000                                             000017
102021974950001161584870000003760                             82040612133      000                        1421131205                              101205000000000860010407730000000000000125647101141205              0000000000000000000000000000000000000000000000008797000000000019700000000000001141205                         0000000000000000000000000                                             000018
102021974950001161584870000003760                             82040615132      000                        1421131205                              101205000000000860075641796000000000000270663101141205              0000000000000000000000000000000000000000000000008600000000000000000000000000001141205                         0000000000000000000000000                                             000019
102021974950001161584870000003760                             82040618131      000                        1421131205                              101205000000000860075641796000000000000270663101141205              0000000000000000000000000000000000000000000000008600000000000000000000000000001141205                         0000000000000000000000000                                             000020
102021974950001161584870000003760                             82050118131      000                        1421131205                              101205000000000400010400531000000000000125647101141205              0000000000000000000000000000000000000000000000004092000000000009200000000000001141205                         0000000000000000000000000                                             000021
102021974950001161584870000003760                             82050309131      000                        1421131205                              101205000000000860010427782000000000000125647101141205              0000000000000000000000000000000000000000000000008600000000000000000000000000001141205                         0000000000000000000000000                                             000022
102021974950001161584870000003760                             82050332133      000                        1421131205                              101205000000000860075641796000000000000270663101141205              0000000000000000000000000000000000000000000000008600000000000000000000000000001141205                         0000000000000000000000000                                             000023
102021974950001161584870000003760                             82060101142      000                        1421131205                              151205000000000860006500016000000000000270663101141205              0000000000000000000000000000000000000000000000008600000000000000000000000000001141205                         0000000000000000000000000                                             000024
102021974950001161584870000003760                             82060107140      000                        1421131205                              151205000000000860010430171000000000000125647101141205              0000000000000000000000000000000000000000000000008600000000000000000000000000001141205                         0000000000000000000000000                                             000025
102021974950001161584870000003760                             82060128148      000                        1421131205                              151205000000000860075641796000000000000270663101141205              0000000000000000000000000000000000000000000000008600000000000000000000000000001141205                         0000000000000000000000000                                             000026
102021974950001161584870000003760                             82060141136      000                        1421131205                              151105000000000860010430171000000000000240655100131205              0000000000000000000000000000000000000000000000009012000000000041200000000000001131205                         0000000000000000000000000                                             000027
102021974950001161584870000003760                             82060201120      000                        1421131205                              101205000000000860010421911000000000000240655100131205              0000000000000000000000000000000000000000000000008797000000000019700000000000001131205                         0000000000000000000000000                                             000028
102021974950001161584870000003760                             82060209121      000                        1421131205                              101205000000000860010421911000000000000125647101141205              0000000000000000000000000000000000000000000000008797000000000019700000000000001141205                         0000000000000000000000000                                             000029
102021974950001161584870000003760                             82060211126      000                        1421131205                              101205000000000860010421911000000000000125647101141205              0000000000000000000000000000000000000000000000008774000000000017400000000000001141205                         0000000000000000000000000                                             000030
102021974950001161584870000003760                             82060213129      000                        1421131205                              101205000000000860075641796000000000000270663101141205              0000000000000000000000000000000000000000000000008600000000000000000000000000001141205                         0000000000000000000000000                                             000031
102021974950001161584870000003760                             82060217124      000                        1421131205                              101205000000000860075641796000000000000270663101141205              0000000000000000000000000000000000000000000000008600000000000000000000000000001141205                         0000000000000000000000000                                             000032
102021974950001161584870000003760                             82060220125      000                        1421131205                              101205000000000860075641796000000000000270663101141205              0000000000000000000000000000000000000000000000008600000000000000000000000000001141205                         0000000000000000000000000                                             000033
102021974950001161584870000003760                             82060301125      000                        1421131205                              151205000000000860002410016000000000000270663101141205              0000000000000000000000000000000000000000000000008600000000000000000000000000001141205                         0000000000000000000000000                                             000034
102021974950001161584870000003760                             82060306127      000                        1421131205                              151205000000000860010408761000000000000125647101141205              0000000000000000000000000000000000000000000000008600000000000000000000000000001141205                         0000000000000000000000000                                             000035
102021974950001161584870000003760                             82060332128      000                        1421131205                              151205000000000860006500016000000000000270663101141205              0000000000000000000000000000000000000000000000008600000000000000000000000000001141205                         0000000000000000000000000                                             000036
102021974950001161584870000003760                             82070115138      000                        1421131205                              101205000000000860075641796000000000000270663101141205              0000000000000000000000000000000000000000000000008600000000000000000000000000001141205                         0000000000000000000000000                                             000037
102021974950001161584870000003760                             82070306138      000                        1421131205                              000000000000000860039928996000000000000270663101141205              0000000000000000000000000000000000000000000000008600000000000000000000000000001141205                         0000000000000000000000000                                             000038
102021974950001161584870000003760                             82070319132      000                        1421131205                              151205000000000860075641796000000000000270663101141205              0000000000000000000000000000000000000000000000008600000000000000000000000000001141205                         0000000000000000000000000                                             000039
102021974950001161584870000003760                             82070331132      000                        1421131205                              000000000000000860039928996000000000000270663101141205              0000000000000000000000000000000000000000000000008600000000000000000000000000001141205                         0000000000000000000000000                                             000040
102021974950001161584870000003760                             82090109133      000                        1421131205                              101205000000000750075641796000000000000270663101141205              0000000000000000000000000000000000000000000000007500000000000000000000000000001141205                         0000000000000000000000000                                             000041
102021974950001161584870000003760                             82090114137      000                        1421131205                              101205000000000750010400540000000000000240655100131205              0000000000000000000000000000000000000000000000007652000000000015200000000000001131205                         0000000000000000000000000                                             000042
102021974950001161584870000003760                             82090119139      000                        1421131205                              101205000000000750075641796000000000000270663101141205              0000000000000000000000000000000000000000000000007500000000000000000000000000001141205                         0000000000000000000000000                                             000043
102021974950001161584870000003760                             82090123136      000                        1421131205                              101205000000000750075641796000000000000270663101141205              0000000000000000000000000000000000000000000000007500000000000000000000000000001141205                         0000000000000000000000000                                             000044
102021974950001161584870000003760                             82090223130      000                        1421131205                              101205000000000750010400540000000000000125647101141205              0000000000000000000000000000000000000000000000007672000000000017200000000000001141205                         0000000000000000000000000                                             000045
102021974950001161584870000003760                             82090230137      000                        1421131205                              101205000000000750010400540000000000000240655100131205              0000000000000000000000000000000000000000000000007673000000000017300000000000001131205                         0000000000000000000000000                                             000046
102021974950001161584870000003760                             82090231133      000                        1421131205                              101205000000000750075641796000000000000270663101141205              0000000000000000000000000000000000000000000000007500000000000000000000000000001141205                         0000000000000000000000000                                             000047
102021974950001161584870000003760                             82090301131      000                        1421131205                              101205000000000750075641796000000000000270663101141205              0000000000000000000000000000000000000000000000007500000000000000000000000000001141205                         0000000000000000000000000                                             000048
102021974950001161584870000003760                             82090326134      000                        1421131205                              101205000000000750075641796000000000000270663101141205              0000000000000000000000000000000000000000000000007500000000000000000000000000001141205                         0000000000000000000000000                                             000049
102021974950001161584870000003760                             82090403139      000                        1421131205                              101205000000000750075641796000000000000270663101141205              0000000000000000000000000000000000000000000000007500000000000000000000000000001141205                         0000000000000000000000000                                             000050
102021974950001161584870000003760                             82090405131      000                        1421131205                              101205000000000750010400540000000000000125647101141205              0000000000000000000000000000000000000000000000007672000000000017200000000000001141205                         0000000000000000000000000                                             000051
102021974950001161584870000003760                             82090429138      000                        1421131205                              101205000000000750075641796000000000000270663101141205              0000000000000000000000000000000000000000000000007500000000000000000000000000001141205                         0000000000000000000000000                                             000052
102021974950001161584870000003760                             82090526141      000                        1421131205                              100106000000000750010408770000000000000125647101141205              0000000000000000000000000000000000000000000000007500000000000000000000000000001141205                         0000000000000000000000000                                             000053
102021974950001161584870000003760                             82090711135      000                        1421131205                              101205000000000750010408770000000000000125647101141205              0000000000000000000000000000000000000000000000007657000000000015700000000000001141205                         0000000000000000000000000                                             000054
102021974950001161584870000003760                             82090910138      000                        1421131205                              101205000000000375010408770000000000000125647101141205              0000000000000000000000000000000000000000000000003834000000000008400000000000001141205                         0000000000000000000000000                                             000055
102021974950001161584870000003760                             82091014136      000                        1421131205                              101205000000000375010408770000000000000125647101141205              0000000000000000000000000000000000000000000000003750000000000000000000000000001141205                         0000000000000000000000000                                             000056
102021974950001161584870000003760                             82091024123      000                        1421131205                              101105000000000375010408770000000000000125647101141205              0000000000000000000000000000000000000000000000003924000000000017400000000000001141205                         0000000000000000000000000                                             000057
102021974950001161584870000003760                             82091032134      000                        1421131205                              101205000000000375010408770000000000000125647101141205              0000000000000000000000000000000000000000000000003834000000000008400000000000001141205                         0000000000000000000000000                                             000058
102021974950001161584870000003760                             82091125132      000                        1421131205                              101205000000000750010408770000000000000125647101141205              0000000000000000000000000000000000000000000000007672000000000017200000000000001141205                         0000000000000000000000000                                             000059
102021974950001161584870000003760                             82091213139      000                        1421131205                              101205000000000750010400540000000000000125647101141205              0000000000000000000000000000000000000000000000007671000000000017100000000000001141205                         0000000000000000000000000                                             000060
102021974950001161584870000003760                             82110111120      000                        1421131205                              101205000000000750010409148000000000000125647101141205              0000000000000000000000000000000000000000000000007659000000000015900000000000001141205                         0000000000000000000000000                                             000061
102021974950001161584870000003760                             82110124124      000                        1421131205                              101205000000000750010407765000000000000125647101141205              0000000000000000000000000000000000000000000000007673000000000017300000000000001141205                         0000000000000000000000000                                             000062
102021974950001161584870000003760                             82110125120      000                        1421131205                              101205000000000750010407765000000000000125647101141205              0000000000000000000000000000000000000000000000007673000000000017300000000000001141205                         0000000000000000000000000                                             000063
102021974950001161584870000003760                             82110216126      000                        1421131205                              101205000000000450010407765000000000000125647101141205              0000000000000000000000000000000000000000000000004598000000000009800000000000001141205                         0000000000000000000000000                                             000064
102021974950001161584870000003760                             82110329125      000                        1421131205                              101205000000000860075641796000000000000270663101141205              0000000000000000000000000000000000000000000000008600000000000000000000000000001141205                         0000000000000000000000000                                             000065
102021974950001161584870000003760                             82110330123      000                        1421131205                              101205000000000860075641796000000000000270663101141205              0000000000000000000000000000000000000000000000008600000000000000000000000000001141205                         0000000000000000000000000                                             000066
102021974950001161584870000003760                             82120111130      000                        1421131205                              101205000000000650010421245000000000000125647101141205              0000000000000000000000000000000000000000000000006648000000000014800000000000001141205                         0000000000000000000000000                                             000067
102021974950001161584870000003760                             82120137130      000                        1421131205                              101205000000000650010421245000000000000125647101141205              0000000000000000000000000000000000000000000000006650000000000015000000000000001141205                         0000000000000000000000000                                             000068
102021974950001161584870000003760                             82130320140      000                        1421131205                              101205000000000860075641796000000000000270663101141205              0000000000000000000000000000000000000000000000008600000000000000000000000000001141205                         0000000000000000000000000                                             000069
9201104                                                                                                                                                                                                                                                                                                                                                                                                   000070
