02RETORNO01COBRANCA       1584870000003760    IPAD                          104C ECON FEDERAL 130306                                                                                                                                                                                                                                                                                                 00160000001
102021974950001161584870000003760                             82000034422      000                        1421130306                              100306000000000750010407765000000000000125647101140306              0000000000000000000000000000000000000000000000007500000000000000000000000000001140306                         0000000000000000000000000                                             000002
102021974950001161584870000003760                             82000034449      000                        1421130306                              100306000000000750010407765000000000000125647101140306              0000000000000000000000000000000000000000000000007657000000000015700000000000001140306                         0000000000000000000000000                                             000003
102021974950001161584870000003760                             82000034481      000                        1421130306                              100306000000000750010407765000000000000125647101140306              0000000000000000000000000000000000000000000000007500000000000000000000000000001140306                         0000000000000000000000000                                             000004
102021974950001161584870000003760                             82000034511      000                        1421130306                              100306000000000750010407765000000000000125647101140306              0000000000000000000000000000000000000000000000007500000000000000000000000000001140306                         0000000000000000000000000                                             000005
102021974950001161584870000003760                             82000034562      000                        1421130306                              100306000000000750010407765000000000000125647101140306              0000000000000000000000000000000000000000000000007657000000000015700000000000001140306                         0000000000000000000000000                                             000006
102021974950001161584870000003760                             82000034570      000                        1421130306                              100306000000000750010407765000000000000125647101140306              0000000000000000000000000000000000000000000000007500000000000000000000000000001140306                         0000000000000000000000000                                             000007
102021974950001161584870000003760                             82000034589      000                        1421130306                              100306000000000750010407765000000000000125647101140306              0000000000000000000000000000000000000000000000007500000000000000000000000000001140306                         0000000000000000000000000                                             000008
102021974950001161584870000003760                             82000034600      000                        1421130306                              100306000000000750010407765000000000000125647101140306              0000000000000000000000000000000000000000000000007657000000000015700000000000001140306                         0000000000000000000000000                                             000009
102021974950001161584870000003760                             82000034619      000                        1421130306                              100306000000000750010407765000000000000125647101140306              0000000000000000000000000000000000000000000000007500000000000000000000000000001140306                         0000000000000000000000000                                             000010
102021974950001161584870000003760                             82000034627      000                        1421130306                              100306000000000750010407765000000000000125647101140306              0000000000000000000000000000000000000000000000007657000000000015700000000000001140306                         0000000000000000000000000                                             000011
102021974950001161584870000003760                             82000034643      000                        1421130306                              100306000000000750010407765000000000000125647101140306              0000000000000000000000000000000000000000000000007500000000000000000000000000001140306                         0000000000000000000000000                                             000012
102021974950001161584870000003760                             82000034651      000                        1421130306                              100306000000000750010407765000000000000125647101140306              0000000000000000000000000000000000000000000000007500000000000000000000000000001140306                         0000000000000000000000000                                             000013
102021974950001161584870000003760                             82000034708      000                        1421130306                              100306000000000750010407765000000000000125647101140306              0000000000000000000000000000000000000000000000007500000000000000000000000000001140306                         0000000000000000000000000                                             000014
102021974950001161584870000003760                             82000034724      000                        1421130306                              100306000000000750010407765000000000000125647101140306              0000000000000000000000000000000000000000000000007500000000000000000000000000001140306                         0000000000000000000000000                                             000015
102021974950001161584870000003760                             82000034732      000                        1421130306                              100306000000000750010407765000000000000125647101140306              0000000000000000000000000000000000000000000000007500000000000000000000000000001140306                         0000000000000000000000000                                             000016
102021974950001161584870000003760                             82000034740      000                        1421130306                              100306000000000750010407765000000000000125647101140306              0000000000000000000000000000000000000000000000007500000000000000000000000000001140306                         0000000000000000000000000                                             000017
102021974950001161584870000003760                             82000034759      000                        1421130306                              100306000000000750010407765000000000000125647101140306              0000000000000000000000000000000000000000000000007500000000000000000000000000001140306                         0000000000000000000000000                                             000018
102021974950001161584870000003760                             82000034805      000                        1421130306                              100306000000000750010407765000000000000125647101140306              0000000000000000000000000000000000000000000000007500000000000000000000000000001140306                         0000000000000000000000000                                             000019
102021974950001161584870000003760                             82000034937      000                        1421130306                              100306000000000750010407765000000000000125647101140306              0000000000000000000000000000000000000000000000007500000000000000000000000000001140306                         0000000000000000000000000                                             000020
102021974950001161584870000003760                             82000034945      000                        1421130306                              100306000000000750010407765000000000000125647101140306              0000000000000000000000000000000000000000000000007500000000000000000000000000001140306                         0000000000000000000000000                                             000021
102021974950001161584870000003760                             82000034953      000                        1421130306                              100306000000000750010407765000000000000125647101140306              0000000000000000000000000000000000000000000000007500000000000000000000000000001140306                         0000000000000000000000000                                             000022
102021974950001161584870000003760                             82000034988      000                        1421130306                              100306000000000750010407765000000000000125647101140306              0000000000000000000000000000000000000000000000007500000000000000000000000000001140306                         0000000000000000000000000                                             000023
102021974950001161584870000003760                             82000035305      000                        1421130306                              100306000000000750010407765000000000000125647101140306              0000000000000000000000000000000000000000000000007500000000000000000000000000001140306                         0000000000000000000000000                                             000024
102021974950001161584870000003760                             82000035364      000                        1421130306                              100306000000000750010407765000000000000125647101140306              0000000000000000000000000000000000000000000000007500000000000000000000000000001140306                         0000000000000000000000000                                             000025
102021974950001161584870000003760                             82000035402      000                        1421130306                              100306000000000750010407765000000000000125647101140306              0000000000000000000000000000000000000000000000007500000000000000000000000000001140306                         0000000000000000000000000                                             000026
102021974950001161584870000003760                             82000035429      000                        1421130306                              100306000000000750010407765000000000000125647101140306              0000000000000000000000000000000000000000000000007500000000000000000000000000001140306                         0000000000000000000000000                                             000027
102021974950001161584870000003760                             82000035470      000                        1421130306                              100306000000000750010407765000000000000125647101140306              0000000000000000000000000000000000000000000000007500000000000000000000000000001140306                         0000000000000000000000000                                             000028
102021974950001161584870000003760                             82000035500      000                        1421130306                              100306000000000750010407765000000000000125647101140306              0000000000000000000000000000000000000000000000007500000000000000000000000000001140306                         0000000000000000000000000                                             000029
102021974950001161584870000003760                             82000035518      000                        1421130306                              100306000000000750010407765000000000000125647101140306              0000000000000000000000000000000000000000000000007500000000000000000000000000001140306                         0000000000000000000000000                                             000030
102021974950001161584870000003760                             82000035526      000                        1421130306                              100306000000000750010407765000000000000125647101140306              0000000000000000000000000000000000000000000000007500000000000000000000000000001140306                         0000000000000000000000000                                             000031
102021974950001161584870000003760                             82000035569      000                        1421130306                              100306000000000750010407765000000000000125647101140306              0000000000000000000000000000000000000000000000007500000000000000000000000000001140306                         0000000000000000000000000                                             000032
102021974950001161584870000003760                             82000035585      000                        1421130306                              100306000000000750010407765000000000000125647101140306              0000000000000000000000000000000000000000000000007657000000000015700000000000001140306                         0000000000000000000000000                                             000033
102021974950001161584870000003760                             82000035593      000                        1421130306                              100306000000000750010407765000000000000125647101140306              0000000000000000000000000000000000000000000000007500000000000000000000000000001140306                         0000000000000000000000000                                             000034
102021974950001161584870000003760                             82000035763      000                        1421130306                              150306000000000860010409156000000000000125647101140306              0000000000000000000000000000000000000000000000008600000000000000000000000000001140306                         0000000000000000000000000                                             000035
102021974950001161584870000003760                             82000035860      000                        1421130306                              150306000000000860074822066000000000000270663101140306              0000000000000000000000000000000000000000000000008600000000000000000000000000001140306                         0000000000000000000000000                                             000036
102021974950001161584870000003760                             82000035950      000                        1421130306                              150306000000000860010409156000000000000125647101140306              0000000000000000000000000000000000000000000000008600000000000000000000000000001140306                         0000000000000000000000000                                             000037
102021974950001161584870000003760                             82000037952      000                        1421130306                              300306000000000750074500016000000000000270663101140306              0000000000000000000000000000000000000000000000007500000000000000000000000000001140306                         0000000000000000000000000                                             000038
102021974950001161584870000003760                             82010109140      000                        1421130306                              100206000000000375010414338000000000000240655100130306              0000000000000000000000000000000000000000000000003918000000000016800000000000001130306                         0000000000000000000000000                                             000039
102021974950001161584870000003760                             82030122150      000                        1421130306                              100306000000000750010424465000000000000125647101140306              0000000000000000000000000000000000000000000000007671000000000017100000000000001140306                         0000000000000000000000000                                             000040
102021974950001161584870000003760                             82040106165      000                        1421130306                              100306000000000430010400523000000000000125647101140306              0000000000000000000000000000000000000000000000004399000000000009900000000000001140306                         0000000000000000000000000                                             000041
102021974950001161584870000003760                             82040109164      000                        1421130306                              100306000000000430010400523000000000000125647101140306              0000000000000000000000000000000000000000000000004390000000000009000000000000001140306                         0000000000000000000000000                                             000042
102021974950001161584870000003760                             82040117167      000                        1421130306                              100306000000000430010400523000000000000125647101140306              0000000000000000000000000000000000000000000000004398000000000009800000000000001140306                         0000000000000000000000000                                             000043
102021974950001161584870000003760                             82040124163      000                        1421130306                              100306000000000430010400523000000000000125647101140306              0000000000000000000000000000000000000000000000004390000000000009000000000000001140306                         0000000000000000000000000                                             000044
102021974950001161584870000003760                             82040129165      000                        1421130306                              100306000000000430010400523000000000000125647101140306              0000000000000000000000000000000000000000000000004398000000000009800000000000001140306                         0000000000000000000000000                                             000045
102021974950001161584870000003760                             82040318154      000                        1421130306                              100206000000000220010400523000000000000125647101140306              0000000000000000000000000000000000000000000000002306000000000010600000000000001140306                         0000000000000000000000000                                             000046
102021974950001161584870000003760                             82040320167      000                        1421130306                              100306000000000360010400523000000000000125647101140306              0000000000000000000000000000000000000000000000003676000000000007600000000000001140306                         0000000000000000000000000                                             000047
102021974950001161584870000003760                             82040331142      000                        1421130306                              100106000000000360010400523000000000000125647101140306              0000000000000000000000000000000000000000000000003920000000000032000000000000001140306                         0000000000000000000000000                                             000048
102021974950001161584870000003760                             82040331150      000                        1421130306                              100206000000000360010400523000000000000125647101140306              0000000000000000000000000000000000000000000000003796000000000019600000000000001140306                         0000000000000000000000000                                             000049
102021974950001161584870000003760                             82040332165      000                        1421130306                              100306000000000360010400523000000000000125647101140306              0000000000000000000000000000000000000000000000003780000000000018000000000000001140306                         0000000000000000000000000                                             000050
102021974950001161584870000003760                             82040333153      000                        1421130306                              100206000000000360010400523000000000000125647101140306              0000000000000000000000000000000000000000000000003796000000000019600000000000001140306                         0000000000000000000000000                                             000051
102021974950001161584870000003760                             82040525168      000                        1421130306                              100306000000000860010400523000000000000125647101140306              0000000000000000000000000000000000000000000000008803000000000020300000000000001140306                         0000000000000000000000000                                             000052
102021974950001161584870000003760                             82040603169      000                        1421130306                              100306000000000360010400523000000000000125647101140306              0000000000000000000000000000000000000000000000003684000000000008400000000000001140306                         0000000000000000000000000                                             000053
102021974950001161584870000003760                             82040625162      000                        1421130306                              100306000000000860010400523000000000000125647101140306              0000000000000000000000000000000000000000000000008796000000000019600000000000001140306                         0000000000000000000000000                                             000054
102021974950001161584870000003760                             82040632169      000                        1421130306                              100306000000000860010400523000000000000125647101140306              0000000000000000000000000000000000000000000000008858000000000025800000000000001140306                         0000000000000000000000000                                             000055
102021974950001161584870000003760                             82040701152      000                        1421130306                              100206000000000860010409164000000000000240655100130306              0000000000000000000000000000000000000000000000009051000000000045100000000000001130306                         0000000000000000000000000                                             000056
102021974950001161584870000003760                             82050319153      000                        1421130306                              100206000000000860010427782000000000000125647101140306              0000000000000000000000000000000000000000000000009021000000000042100000000000001140306                         0000000000000000000000000                                             000057
102021974950001161584870000003760                             82060111172      000                        1421130306                              150306000000000860010409237000000000000125647101140306              0000000000000000000000000000000000000000000000008600000000000000000000000000001140306                         0000000000000000000000000                                             000058
102021974950001161584870000003760                             82060122174      000                        1421130306                              150306000000000860002410516000000000000270663101140306              0000000000000000000000000000000000000000000000008600000000000000000000000000001140306                         0000000000000000000000000                                             000059
102021974950001161584870000003760                             82060128172      000                        1421130306                              150306000000000860006500016000000000000270663101140306              0000000000000000000000000000000000000000000000008600000000000000000000000000001140306                         0000000000000000000000000                                             000060
102021974950001161584870000003760                             82060147177      000                        1421130306                              150306000000000860010430171000000000000125647101140306              0000000000000000000000000000000000000000000000008600000000000000000000000000001140306                         0000000000000000000000000                                             000061
102021974950001161584870000003760                             82060149170      000                        1421130306                              150306000000000860006500016000000000000270663101140306              0000000000000000000000000000000000000000000000008600000000000000000000000000001140306                         0000000000000000000000000                                             000062
102021974950001161584870000003760                             82060220150      000                        1421130306                              100306000000000860010421911000000000000125647101140306              0000000000000000000000000000000000000000000000008796000000000019600000000000001140306                         0000000000000000000000000                                             000063
102021974950001161584870000003760                             82060226158      000                        1421130306                              100306000000000860010421911000000000000125647101140306              0000000000000000000000000000000000000000000000008776000000000017600000000000001140306                         0000000000000000000000000                                             000064
102021974950001161584870000003760                             82060305155      000                        1421130306                              150306000000000860010408761000000000000125647101140306              0000000000000000000000000000000000000000000000008600000000000000000000000000001140306                         0000000000000000000000000                                             000065
102021974950001161584870000003760                             82060328155      000                        1421130306                              150306000000000860075641796000000000000270663101140306              0000000000000000000000000000000000000000000000008600000000000000000000000000001140306                         0000000000000000000000000                                             000066
102021974950001161584870000003760                             82070130161      000                        1421130306                              100306000000000860006500016000000000000270663101140306              0000000000000000000000000000000000000000000000008600000000000000000000000000001140306                         0000000000000000000000000                                             000067
102021974950001161584870000003760                             82070211153      000                        1421130306                              100206000000000860010409172000000000000125647101140306              0000000000000000000000000000000000000000000000009038000000000043800000000000001140306                         0000000000000000000000000                                             000068
102021974950001161584870000003760                             82070211161      000                        1421130306                              100306000000000860010409172000000000000125647101140306              0000000000000000000000000000000000000000000000008797000000000019700000000000001140306                         0000000000000000000000000                                             000069
102021974950001161584870000003760                             82070506153      000                        1421130306                              150206000000000860010410308000000000000240655100130306              0000000000000000000000000000000000000000000000008996000000000039600000000000001130306                         0000000000000000000000000                                             000070
102021974950001161584870000003760                             82090117160      000                        1421130306                              100306000000000750010400540000000000000125647101140306              0000000000000000000000000000000000000000000000007657000000000015700000000000001140306                         0000000000000000000000000                                             000071
102021974950001161584870000003760                             82090202150      000                        1421130306                              100206000000000750010400540000000000000125647101140306              0000000000000000000000000000000000000000000000007865000000000036500000000000001140306                         0000000000000000000000000                                             000072
102021974950001161584870000003760                             82090212171      000                        1421130306                              100406000000000750010400540000000000000125647101140306              0000000000000000000000000000000000000000000000007657000000000015700000000000001140306                         0000000000000000000000000                                             000073
102021974950001161584870000003760                             82090230161      000                        1421130306                              100306000000000750010400540000000000000125647101140306              0000000000000000000000000000000000000000000000007671000000000017100000000000001140306                         0000000000000000000000000                                             000074
102021974950001161584870000003760                             82090308160      000                        1421130306                              100306000000000750010407749000000000000125647101140306              0000000000000000000000000000000000000000000000007657000000000015700000000000001140306                         0000000000000000000000000                                             000075
102021974950001161584870000003760                             82090322163      000                        1421130306                              100306000000000750010407749000000000000125647101140306              0000000000000000000000000000000000000000000000007500000000000000000000000000001140306                         0000000000000000000000000                                             000076
102021974950001161584870000003760                             82090327165      000                        1421130306                              100306000000000750010400540000000000000125647101140306              0000000000000000000000000000000000000000000000007671000000000017100000000000001140306                         0000000000000000000000000                                             000077
102021974950001161584870000003760                             82090416168      000                        1421130306                              100306000000000750010400540000000000000125647101140306              0000000000000000000000000000000000000000000000007657000000000015700000000000001140306                         0000000000000000000000000                                             000078
102021974950001161584870000003760                             82090434166      000                        1421130306                              100306000000000750010400540000000000000125647101140306              0000000000000000000000000000000000000000000000007576000000000007600000000000001140306                         0000000000000000000000000                                             000079
102021974950001161584870000003760                             82090512159      000                        1421130306                              100206000000000375010408770000000000000125647101140306              0000000000000000000000000000000000000000000000003947000000000019700000000000001140306                         0000000000000000000000000                                             000080
102021974950001161584870000003760                             82090617171      000                        1421130306                              100406000000000375006500016000000000000270663101140306              0000000000000000000000000000000000000000000000003750000000000000000000000000001140306                         0000000000000000000000000                                             000081
102021974950001161584870000003760                             82090803145      000                        1421130306                              100306000000000450010408770000000000000125647101140306              0000000000000000000000000000000000000000000000004600000000000010000000000000001140306                         0000000000000000000000000                                             000082
102021974950001161584870000003760                             82090804150      000                        1421130306                              100406000000000450006500016000000000000270663101140306              0000000000000000000000000000000000000000000000004500000000000000000000000000001140306                         0000000000000000000000000                                             000083
102021974950001161584870000003760                             82090806144      000                        1421130306                              100306000000000450010408770000000000000125647101140306              0000000000000000000000000000000000000000000000004593000000000009300000000000001140306                         0000000000000000000000000                                             000084
102021974950001161584870000003760                             82090906165      000                        1421130306                              100306000000000375010408770000000000000125647101140306              0000000000000000000000000000000000000000000000003750000000000000000000000000001140306                         0000000000000000000000000                                             000085
102021974950001161584870000003760                             82090910154      000                        1421130306                              100206000000000375010408770000000000000125647101140306              0000000000000000000000000000000000000000000000003918000000000016800000000000001140306                         0000000000000000000000000                                             000086
102021974950001161584870000003760                             82091002162      000                        1421130306                              100306000000000375010408770000000000000125647101140306              0000000000000000000000000000000000000000000000003835000000000008500000000000001140306                         0000000000000000000000000                                             000087
102021974950001161584870000003760                             82091016163      000                        1421130306                              100306000000000375010408770000000000000125647101140306              0000000000000000000000000000000000000000000000003750000000000000000000000000001140306                         0000000000000000000000000                                             000088
102021974950001161584870000003760                             82091032169      000                        1421130306                              100306000000000375010408770000000000000125647101140306              0000000000000000000000000000000000000000000000003750000000000000000000000000001140306                         0000000000000000000000000                                             000089
102021974950001161584870000003760                             82091107169      000                        1421130306                              100306000000000750010408770000000000000125647101140306              0000000000000000000000000000000000000000000000007672000000000017200000000000001140306                         0000000000000000000000000                                             000090
102021974950001161584870000003760                             82091109153      000                        1421130306                              100206000000000750010408770000000000000125647101140306              0000000000000000000000000000000000000000000000007883000000000038300000000000001140306                         0000000000000000000000000                                             000091
102021974950001161584870000003760                             82091124179      000                        1421130306                              100406000000000750010408770000000000000125647101140306              0000000000000000000000000000000000000000000000007500000000000000000000000000001140306                         0000000000000000000000000                                             000092
102021974950001161584870000003760                             82091215166      000                        1421130306                              100306000000000750010400540000000000000125647101140306              0000000000000000000000000000000000000000000000007671000000000017100000000000001140306                         0000000000000000000000000                                             000093
102021974950001161584870000003760                             82120114164      000                        1421130306                              100306000000000650010421245000000000000125647101140306              0000000000000000000000000000000000000000000000006649000000000014900000000000001140306                         0000000000000000000000000                                             000094
9201104                                                                                                                                                                                                                                                                                                                                                                                                   000095
