02RETORNO01COBRANCA       1584870000003760    IPAD                          104C ECON FEDERAL 130307                                                                                                                                                                                                                                                                                                 00407000001
102021974950001161584870000003760                             82000050533      000                        1421130307                              000000000000000800010409156000000000000125647101140307              0000000000000000000000000000000000000000000000008000000000000000000000000000001140307                         0000000000000000000000000                                             000002
102021974950001161584870000003760                             82010304163      000                        1421130307                              100207000000000660010409148000000000000125647101140307              0000000000000000000000000000000000000000000000006936000000000033600000000000001140307                         0000000000000000000000000                                             000003
102021974950001161584870000003760                             82031124156      000                        1421130307                              100307000000000760010424465000000000000125647101140307              0000000000000000000000000000000000000000000000007773000000000017300000000000001140307                         0000000000000000000000000                                             000004
102021974950001161584870000003760                             82061040139      000                        1421130307                              150307000000000760010400531000000000000125647101140307              0000000000000000000000000000000000000000000000007600000000000000000000000000001140307                         0000000000000000000000000                                             000005
102021974950001161584870000003760                             82071438151      000                        1421130307                              140307000000000760035610286000000000000270663101140307              0000000000000000000000000000000000000000000000007600000000000000000000000000001140307                         0000000000000000000000000                                             000006
102021974950001161584870000003760                             82130401166      000                        1421130307                              100307000000000760010409148000000000000125647101140307              0000000000000000000000000000000000000000000000007775000000000017500000000000001140307                         0000000000000000000000000                                             000007
102021974950001161584870000003760                             82130421167      000                        1421130307                              100307000000000760010409148000000000000125647101140307              0000000000000000000000000000000000000000000000007774000000000017400000000000001140307                         0000000000000000000000000                                             000008
9201104                                                                                                                                                                                                                                                                                                                                                                                                   000009
