02RETORNO01COBRANCA       1584870000003760    IPAD                          104C ECON FEDERAL 130906                                                                                                                                                                                                                                                                                                 00287000001
102021974950001161584870000003760                             82010305143      000                        1421130906                              100906000000000660010409148000000000000125647101140906              0000000000000000000000000000000000000000000000006741000000000014100000000000001140906                         0000000000000000000000000                                             000002
102021974950001161584870000003760                             82010309149      000                        1421130906                              100906000000000660010409148000000000000125647101140906              0000000000000000000000000000000000000000000000006752000000000015200000000000001140906                         0000000000000000000000000                                             000003
102021974950001161584870000003760                             82010314134      000                        1421130906                              160806000000000660010409148000000000000125647101140906              0000000000000000000000000000000000000000000000006750000000000015000000000000001140906                         0000000000000000000000000                                             000004
102021974950001161584870000003760                             82010314142      000                        1421130906                              160906000000000660010409148000000000000125647101140906              0000000000000000000000000000000000000000000000006600000000000000000000000000001140906                         0000000000000000000000000                                             000005
102021974950001161584870000003760                             82010329140      000                        1421130906                              160906000000002100000110606000000000000270663101140906              0000000000000000000000000000000000000000000000021000000000000000000000000000001140906                         0000000000000000000000000                                             000006
102021974950001161584870000003760                             82030501134      000                        1421130906                              150906000000000760010409156000000000000125620101140906              0000000000000000000000000000000000000000000000007600000000000000000000000000001140906                         0000000000000000000000000                                             000007
102021974950001161584870000003760                             82030503137      000                        1421130906                              150906000000000760000121336000000000000270663101140906              0000000000000000000000000000000000000000000000007600000000000000000000000000001140906                         0000000000000000000000000                                             000008
102021974950001161584870000003760                             82030548130      000                        1421130906                              150906000000000760010409148000000000000125620101140906              0000000000000000000000000000000000000000000000007600000000000000000000000000001140906                         0000000000000000000000000                                             000009
102021974950001161584870000003760                             82030714120      000                        1421130906                              100906000000000760010409148000000000000125647101140906              0000000000000000000000000000000000000000000000007774000000000017400000000000001140906                         0000000000000000000000000                                             000010
102021974950001161584870000003760                             82030906134      000                        1421130906                              100906000000000760010407757000000000000125647101140906              0000000000000000000000000000000000000000000000007774000000000017400000000000001140906                         0000000000000000000000000                                             000011
102021974950001161584870000003760                             82030923136      000                        1421130906                              100906000000000760010407757000000000000125647101140906              0000000000000000000000000000000000000000000000007776000000000017600000000000001140906                         0000000000000000000000000                                             000012
102021974950001161584870000003760                             82060527131      000                        1421130906                              100906000000000760010400485000000000000125647101140906              0000000000000000000000000000000000000000000000007773000000000017300000000000001140906                         0000000000000000000000000                                             000013
102021974950001161584870000003760                             82060608158      000                        1421130906                              150806000000000750010412424000000000000125647101140906              0000000000000000000000000000000000000000000000007867000000000036700000000000001140906                         0000000000000000000000000                                             000014
102021974950001161584870000003760                             82060704165      000                        1421130906                              000000000000000860039928996000000000000270663101140906              0000000000000000000000000000000000000000000000008600000000000000000000000000001140906                         0000000000000000000000000                                             000015
102021974950001161584870000003760                             82060712168      000                        1421130906                              150906000000000860010400469000000000000125647101140906              0000000000000000000000000000000000000000000000008600000000000000000000000000001140906                         0000000000000000000000000                                             000016
102021974950001161584870000003760                             82070633155      000                        1421130906                              210906000000000760006500016000000000000270663101140906              0000000000000000000000000000000000000000000000007600000000000000000000000000001140906                         0000000000000000000000000                                             000017
102021974950001161584870000003760                             82090619174      000                        1421130906                              300806000000000375010408770000000000000125647101140906              0000000000000000000000000000000000000000000000003877000000000012700000000000001140906                         0000000000000000000000000                                             000018
102021974950001161584870000003760                             82110607168      000                        1421130906                              200906000000000750010407765000000000000125647101140906              0000000000000000000000000000000000000000000000007500000000000000000000000000001140906                         0000000000000000000000000                                             000019
102021974950001161584870000003760                             82110822158      000                        1421130906                              200806000000000750010407765000000000000125647101140906              0000000000000000000000000000000000000000000000007830000000000033000000000000001140906                         0000000000000000000000000                                             000020
9201104                                                                                                                                                                                                                                                                                                                                                                                                   000021
