02RETORNO01COBRANCA       1584870000003760    IPAD                          104C ECON FEDERAL 131206                                                                                                                                                                                                                                                                                                 00349000001
102021974950001161584870000003760                             82000050045      000                        1421131206                              000000000000000760010409156000000000000125647101141206              0000000000000000000000000000000000000000000000007600000000000000000000000000001141206                         0000000000000000000000000                                             000002
102021974950001161584870000003760                             82000050088      000                        1421131206                              000000000000000760023732106000000000000270663101141206              0000000000000000000000000000000000000000000000007600000000000000000000000000001141206                         0000000000000000000000000                                             000003
102021974950001161584870000003760                             82010309173      000                        1421131206                              101206000000000660010409148000000000000125647101141206              0000000000000000000000000000000000000000000000006752000000000015200000000000001141206                         0000000000000000000000000                                             000004
102021974950001161584870000003760                             82010317176      000                        1421131206                              101206000000000660010409148000000000000125647101141206              0000000000000000000000000000000000000000000000006752000000000015200000000000001141206                         0000000000000000000000000                                             000005
102021974950001161584870000003760                             82030223169      000                        1421131206                              101106000000000760010409156000000000000125647101141206              0000000000000000000000000000000000000000000000007990000000000039000000000000001141206                         0000000000000000000000000                                             000006
102021974950001161584870000003760                             82030233172      000                        1421131206                              101206000000000760010409156000000000000125647101141206              0000000000000000000000000000000000000000000000007773000000000017300000000000001141206                         0000000000000000000000000                                             000007
102021974950001161584870000003760                             82030501169      000                        1421131206                              151206000000000760010409156000000000000125620101141206              0000000000000000000000000000000000000000000000007600000000000000000000000000001141206                         0000000000000000000000000                                             000008
102021974950001161584870000003760                             82030502165      000                        1421131206                              151206000000000760010409156000000000000125620101141206              0000000000000000000000000000000000000000000000007600000000000000000000000000001141206                         0000000000000000000000000                                             000009
102021974950001161584870000003760                             82030548165      000                        1421131206                              151206000000000760010409148000000000000125620101141206              0000000000000000000000000000000000000000000000007600000000000000000000000000001141206                         0000000000000000000000000                                             000010
102021974950001161584870000003760                             82030707158      000                        1421131206                              101206000000000760010409148000000000000125647101141206              0000000000000000000000000000000000000000000000007774000000000017400000000000001141206                         0000000000000000000000000                                             000011
102021974950001161584870000003760                             82030715150      000                        1421131206                              101206000000000760010409148000000000000125647101141206              0000000000000000000000000000000000000000000000007774000000000017400000000000001141206                         0000000000000000000000000                                             000012
102021974950001161584870000003760                             82031104120      000                        1421131206                              101206000000000760010424465000000000000240655100131206              0000000000000000000000000000000000000000000000007755000000000015500000000000001131206                         0000000000000000000000000                                             000013
102021974950001161584870000003760                             82031105127      000                        1421131206                              101206000000000760010424465000000000000125647101141206              0000000000000000000000000000000000000000000000007773000000000017300000000000001141206                         0000000000000000000000000                                             000014
102021974950001161584870000003760                             82031129123      000                        1421131206                              101206000000000760010424465000000000000125647101141206              0000000000000000000000000000000000000000000000007759000000000015900000000000001141206                         0000000000000000000000000                                             000015
102021974950001161584870000003760                             82040333170      000                        1421131206                              111206000000001000010400523000000000000125647101141206              0000000000000000000000000000000000000000000000010202000000000020200000000000001141206                         0000000000000000000000000                                             000016
102021974950001161584870000003760                             82060408167      000                        1421131206                              101206000000000760010430171000000000000125647101141206              0000000000000000000000000000000000000000000000007774000000000017400000000000001141206                         0000000000000000000000000                                             000017
102021974950001161584870000003760                             82071313111      000                        1421131206                              101106000000000760010421245000000000000125647101141206              0000000000000000000000000000000000000000000000007983000000000038300000000000001141206                         0000000000000000000000000                                             000018
102021974950001161584870000003760                             82090126151      000                        1421131206                              301106000000000750010400540000000000000125647101141206              0000000000000000000000000000000000000000000000007750000000000025000000000000001141206                         0000000000000000000000000                                             000019
102021974950001161584870000003760                             82090126160      000                        1421131206                              301106000000000750010400540000000000000125647101141206              0000000000000000000000000000000000000000000000007750000000000025000000000000001141206                         0000000000000000000000000                                             000020
102021974950001161584870000003760                             82090126178      000                        1421131206                              301106000000000750010400540000000000000125647101141206              0000000000000000000000000000000000000000000000007750000000000025000000000000001141206                         0000000000000000000000000                                             000021
102021974950001161584870000003760                             82130401131      000                        1421131206                              101206000000000760010409148000000000000125647101141206              0000000000000000000000000000000000000000000000007752000000000015200000000000001141206                         0000000000000000000000000                                             000022
102021974950001161584870000003760                             82130420136      000                        1421131206                              101206000000000760010409148000000000000125647101141206              0000000000000000000000000000000000000000000000007775000000000017500000000000001141206                         0000000000000000000000000                                             000023
102021974950001161584870000003760                             82130421132      000                        1421131206                              101206000000000760010409148000000000000125647101141206              0000000000000000000000000000000000000000000000007782000000000018200000000000001141206                         0000000000000000000000000                                             000024
102021974950001161584870000003760                             82130426134      000                        1421131206                              101206000000000760010409148000000000000125647101141206              0000000000000000000000000000000000000000000000007754000000000015400000000000001141206                         0000000000000000000000000                                             000025
102021974950001161584870000003760                             82130430131      000                        1421131206                              101206000000000760010409148000000000000125647101141206              0000000000000000000000000000000000000000000000007782000000000018200000000000001141206                         0000000000000000000000000                                             000026
9201104                                                                                                                                                                                                                                                                                                                                                                                                   000027
