02RETORNO01COBRANCA       1584870000003760    IPAD                          104C ECON FEDERAL 101106                                                                                                                                                                                                                                                                                                 00327000001
102021974950001161584870000003760                             82010303167      000                        1421101106                              101106000000000660006500016000000000000270663101131106              0000000000000000000000000000000000000000000000006600000000000000000000000000001131106                         0000000000000000000000000                                             000002
102021974950001161584870000003760                             82010313162      000                        1421101106                              101106000000000660006500016000000000000270663101131106              0000000000000000000000000000000000000000000000006600000000000000000000000000001131106                         0000000000000000000000000                                             000003
102021974950001161584870000003760                             82010315165      000                        1421101106                              101106000000000660000110606000000000000270663101131106              0000000000000000000000000000000000000000000000006600000000000000000000000000001131106                         0000000000000000000000000                                             000004
102021974950001161584870000003760                             82010327163      000                        1421101106                              101106000000000660010409148000000000000125647101131106              0000000000000000000000000000000000000000000000006600000000000000000000000000001131106                         0000000000000000000000000                                             000005
102021974950001161584870000003760                             82030230165      000                        1421101106                              000000000000000760039928996000000000000270663101131106              0000000000000000000000000000000000000000000000007600000000000000000000000000001131106                         0000000000000000000000000                                             000006
102021974950001161584870000003760                             82030233164      000                        1421101106                              101106000000000760010409156000000000000125647101131106              0000000000000000000000000000000000000000000000007600000000000000000000000000001131106                         0000000000000000000000000                                             000007
102021974950001161584870000003760                             82030234160      000                        1421101106                              101106000000000760010409156000000000000125620101131106              0000000000000000000000000000000000000000000000007600000000000000000000000000001131106                         0000000000000000000000000                                             000008
102021974950001161584870000003760                             82030407170      000                        1421101106                              101006000000000760010407757000000000000125647101131106              0000000000000000000000000000000000000000000000007962000000000036200000000000001131106                         0000000000000000000000000                                             000009
102021974950001161584870000003760                             82030426167      000                        1421101106                              100906000000000760010407757000000000000125647101131106              0000000000000000000000000000000000000000000000008172000000000057200000000000001131106                         0000000000000000000000000                                             000010
102021974950001161584870000003760                             82030426175      000                        1421101106                              101006000000000760010407757000000000000125647101131106              0000000000000000000000000000000000000000000000007962000000000036200000000000001131106                         0000000000000000000000000                                             000011
102021974950001161584870000003760                             82030514155      000                        1421101106                              151106000000000760010409156000000000000125620101131106              0000000000000000000000000000000000000000000000007600000000000000000000000000001131106                         0000000000000000000000000                                             000012
102021974950001161584870000003760                             82030540156      000                        1421101106                              151106000000000760010409156000000000000125647101131106              0000000000000000000000000000000000000000000000007600000000000000000000000000001131106                         0000000000000000000000000                                             000013
102021974950001161584870000003760                             82030546154      000                        1421101106                              151106000000000760006500016000000000000270663101131106              0000000000000000000000000000000000000000000000007600000000000000000000000000001131106                         0000000000000000000000000                                             000014
102021974950001161584870000003760                             82030701141      000                        1421101106                              101106000000000760010409148000000000000125647101131106              0000000000000000000000000000000000000000000000007600000000000000000000000000001131106                         0000000000000000000000000                                             000015
102021974950001161584870000003760                             82030703144      000                        1421101106                              101106000000000760010409148000000000000125647101131106              0000000000000000000000000000000000000000000000007600000000000000000000000000001131106                         0000000000000000000000000                                             000016
102021974950001161584870000003760                             82030705147      000                        1421101106                              101106000000000760010409148000000000000125647101131106              0000000000000000000000000000000000000000000000007600000000000000000000000000001131106                         0000000000000000000000000                                             000017
102021974950001161584870000003760                             82030707140      000                        1421101106                              101106000000000760000127026000000000000270663101131106              0000000000000000000000000000000000000000000000007600000000000000000000000000001131106                         0000000000000000000000000                                             000018
102021974950001161584870000003760                             82030728147      000                        1421101106                              000000000000000760039928996000000000000270663101131106              0000000000000000000000000000000000000000000000007600000000000000000000000000001131106                         0000000000000000000000000                                             000019
102021974950001161584870000003760                             82030731148      000                        1421101106                              101106000000000760035610386000000000000270663101131106              0000000000000000000000000000000000000000000000007600000000000000000000000000001131106                         0000000000000000000000000                                             000020
102021974950001161584870000003760                             82030901159      000                        1421101106                              101106000000000760023732156000000000000270663101131106              0000000000000000000000000000000000000000000000007600000000000000000000000000001131106                         0000000000000000000000000                                             000021
102021974950001161584870000003760                             82030903151      000                        1421101106                              101106000000000760010407757000000000000125647101131106              0000000000000000000000000000000000000000000000007600000000000000000000000000001131106                         0000000000000000000000000                                             000022
102021974950001161584870000003760                             82030906150      000                        1421101106                              101106000000000760010407757000000000000125647101131106              0000000000000000000000000000000000000000000000007600000000000000000000000000001131106                         0000000000000000000000000                                             000023
102021974950001161584870000003760                             82030910140      000                        1421101106                              101006000000000760010407757000000000000125647101131106              0000000000000000000000000000000000000000000000007988000000000038800000000000001131106                         0000000000000000000000000                                             000024
102021974950001161584870000003760                             82030910158      000                        1421101106                              101106000000000760010407757000000000000125647101131106              0000000000000000000000000000000000000000000000007600000000000000000000000000001131106                         0000000000000000000000000                                             000025
102021974950001161584870000003760                             82030912150      000                        1421101106                              101106000000000760074500016000000000000270663101131106              0000000000000000000000000000000000000000000000007600000000000000000000000000001131106                         0000000000000000000000000                                             000026
102021974950001161584870000003760                             82030916156      000                        1421101106                              000000000000000760039928996000000000000270663101131106              0000000000000000000000000000000000000000000000007600000000000000000000000000001131106                         0000000000000000000000000                                             000027
102021974950001161584870000003760                             82030921150      000                        1421101106                              101106000000000760010407757000000000000125647101131106              0000000000000000000000000000000000000000000000007600000000000000000000000000001131106                         0000000000000000000000000                                             000028
102021974950001161584870000003760                             82030924159      000                        1421101106                              101106000000000760000122296000000000000270663101131106              0000000000000000000000000000000000000000000000007600000000000000000000000000001131106                         0000000000000000000000000                                             000029
102021974950001161584870000003760                             82031101113      000                        1421101106                              101106000000000760010424465000000000000240655100101106              0000000000000000000000000000000000000000000000007600000000000000000000000000001101106                         0000000000000000000000000                                             000030
102021974950001161584870000003760                             82031104112      000                        1421101106                              101106000000000760010424465000000000000240655100101106              0000000000000000000000000000000000000000000000007600000000000000000000000000001101106                         0000000000000000000000000                                             000031
102021974950001161584870000003760                             82031108118      000                        1421101106                              101106000000000760010424465000000000000125647101131106              0000000000000000000000000000000000000000000000007600000000000000000000000000001131106                         0000000000000000000000000                                             000032
102021974950001161584870000003760                             82031112115      000                        1421101106                              101106000000000760010424465000000000000240655100101106              0000000000000000000000000000000000000000000000007600000000000000000000000000001101106                         0000000000000000000000000                                             000033
102021974950001161584870000003760                             82031113111      000                        1421101106                              101106000000000760010424465000000000000240655100101106              0000000000000000000000000000000000000000000000007600000000000000000000000000001101106                         0000000000000000000000000                                             000034
102021974950001161584870000003760                             82031121114      000                        1421101106                              101106000000000760007347476000000000000270663101131106              0000000000000000000000000000000000000000000000007600000000000000000000000000001131106                         0000000000000000000000000                                             000035
102021974950001161584870000003760                             82031124113      000                        1421101106                              101106000000000760010424465000000000000125647101131106              0000000000000000000000000000000000000000000000007600000000000000000000000000001131106                         0000000000000000000000000                                             000036
102021974950001161584870000003760                             82031128119      000                        1421101106                              101106000000000760006500016000000000000270663101131106              0000000000000000000000000000000000000000000000007600000000000000000000000000001131106                         0000000000000000000000000                                             000037
102021974950001161584870000003760                             82031129115      000                        1421101106                              101106000000000760010424465000000000000240655100101106              0000000000000000000000000000000000000000000000007600000000000000000000000000001101106                         0000000000000000000000000                                             000038
102021974950001161584870000003760                             82060404153      000                        1421101106                              000000000000000760039928996000000000000270663101131106              0000000000000000000000000000000000000000000000007600000000000000000000000000001131106                         0000000000000000000000000                                             000039
102021974950001161584870000003760                             82060408159      000                        1421101106                              101106000000000760006500016000000000000270663101131106              0000000000000000000000000000000000000000000000007600000000000000000000000000001131106                         0000000000000000000000000                                             000040
102021974950001161584870000003760                             82060410153      000                        1421101106                              000000000000000760035601326000000000000270663101131106              0000000000000000000000000000000000000000000000007600000000000000000000000000001131106                         0000000000000000000000000                                             000041
102021974950001161584870000003760                             82060418154      000                        1421101106                              000000000000000760039928996000000000000270663101131106              0000000000000000000000000000000000000000000000007600000000000000000000000000001131106                         0000000000000000000000000                                             000042
102021974950001161584870000003760                             82060510158      000                        1421101106                              101106000000000760010400485000000000000125647101131106              0000000000000000000000000000000000000000000000007600000000000000000000000000001131106                         0000000000000000000000000                                             000043
102021974950001161584870000003760                             82060528154      000                        1421101106                              101106000000000760023732016000000000000270663101131106              0000000000000000000000000000000000000000000000007600000000000000000000000000001131106                         0000000000000000000000000                                             000044
102021974950001161584870000003760                             82060633160      000                        1421101106                              151106000000000750006500016000000000000270663101131106              0000000000000000000000000000000000000000000000007500000000000000000000000000001131106                         0000000000000000000000000                                             000045
102021974950001161584870000003760                             82060909158      000                        1421101106                              101106000000000760075641796000000000000270663101131106              0000000000000000000000000000000000000000000000007600000000000000000000000000001131106                         0000000000000000000000000                                             000046
102021974950001161584870000003760                             82060910156      000                        1421101106                              101106000000000760010400477000000000000125647101131106              0000000000000000000000000000000000000000000000007600000000000000000000000000001131106                         0000000000000000000000000                                             000047
102021974950001161584870000003760                             82060925153      000                        1421101106                              101106000000000760075641796000000000000270663101131106              0000000000000000000000000000000000000000000000007600000000000000000000000000001131106                         0000000000000000000000000                                             000048
102021974950001161584870000003760                             82060935159      000                        1421101106                              000000000000000760039928996000000000000270663101131106              0000000000000000000000000000000000000000000000007600000000000000000000000000001131106                         0000000000000000000000000                                             000049
102021974950001161584870000003760                             82070619152      000                        1421101106                              251006000000000760010405592000000000000125647101131106              0000000000000000000000000000000000000000000000007873000000000027300000000000001131106                         0000000000000000000000000                                             000050
102021974950001161584870000003760                             82071218143      000                        1421101106                              101006000000000760010400450000000000000125647101131106              0000000000000000000000000000000000000000000000007987000000000038700000000000001131106                         0000000000000000000000000                                             000051
102021974950001161584870000003760                             82071229153      000                        1421101106                              101106000000000760006500016000000000000270663101131106              0000000000000000000000000000000000000000000000007600000000000000000000000000001131106                         0000000000000000000000000                                             000052
102021974950001161584870000003760                             82071232154      000                        1421101106                              101106000000000760010400485000000000000125647101131106              0000000000000000000000000000000000000000000000007600000000000000000000000000001131106                         0000000000000000000000000                                             000053
102021974950001161584870000003760                             82071305119      000                        1421101106                              000000000000000760039928996000000000000270663101131106              0000000000000000000000000000000000000000000000007600000000000000000000000000001131106                         0000000000000000000000000                                             000054
102021974950001161584870000003760                             82071306115      000                        1421101106                              000000000000000760039928996000000000000270663101131106              0000000000000000000000000000000000000000000000007600000000000000000000000000001131106                         0000000000000000000000000                                             000055
102021974950001161584870000003760                             82071308118      000                        1421101106                              000000000000000760039928996000000000000270663101131106              0000000000000000000000000000000000000000000000007600000000000000000000000000001131106                         0000000000000000000000000                                             000056
102021974950001161584870000003760                             82071319110      000                        1421101106                              101106000000000760010421245000000000000125647101131106              0000000000000000000000000000000000000000000000007600000000000000000000000000001131106                         0000000000000000000000000                                             000057
102021974950001161584870000003760                             82071401118      000                        1421101106                              101106000000000760010421245000000000000125647101131106              0000000000000000000000000000000000000000000000007600000000000000000000000000001131106                         0000000000000000000000000                                             000058
102021974950001161584870000003760                             82071406110      000                        1421101106                              101106000000000760023721166000000000000270663101131106              0000000000000000000000000000000000000000000000007600000000000000000000000000001131106                         0000000000000000000000000                                             000059
102021974950001161584870000003760                             82071411113      000                        1421101106                              000000000000000760039928996000000000000270663101131106              0000000000000000000000000000000000000000000000007600000000000000000000000000001131106                         0000000000000000000000000                                             000060
102021974950001161584870000003760                             82071421119      000                        1421101106                              101106000000000760010421245000000000000125647101131106              0000000000000000000000000000000000000000000000007600000000000000000000000000001131106                         0000000000000000000000000                                             000061
102021974950001161584870000003760                             82071422115      000                        1421101106                              101106000000000760007347476000000000000270663101131106              0000000000000000000000000000000000000000000000007600000000000000000000000000001131106                         0000000000000000000000000                                             000062
102021974950001161584870000003760                             82071425114      000                        1421101106                              000000000000000760039928996000000000000270663101131106              0000000000000000000000000000000000000000000000007600000000000000000000000000001131106                         0000000000000000000000000                                             000063
102021974950001161584870000003760                             82071426110      000                        1421101106                              101106000000000760023721166000000000000270663101131106              0000000000000000000000000000000000000000000000007600000000000000000000000000001131106                         0000000000000000000000000                                             000064
102021974950001161584870000003760                             82110117160      000                        1421101106                              201106000000000750010415830000000000000240655100101106              0000000000000000000000000000000000000000000000007500000000000000000000000000001101106                         0000000000000000000000000                                             000065
102021974950001161584870000003760                             82110117179      000                        1421101106                              201106000000000750010415830000000000000240655100101106              0000000000000000000000000000000000000000000000007500000000000000000000000000001101106                         0000000000000000000000000                                             000066
102021974950001161584870000003760                             82111004114      000                        1421101106                              111106000000000760007347476000000000000270663101131106              0000000000000000000000000000000000000000000000007600000000000000000000000000001131106                         0000000000000000000000000                                             000067
102021974950001161584870000003760                             82111010114      000                        1421101106                              111106000000000760010407765000000000000125647101131106              0000000000000000000000000000000000000000000000007600000000000000000000000000001131106                         0000000000000000000000000                                             000068
102021974950001161584870000003760                             82111011110      000                        1421101106                              111106000000000760023716956000000000000270663101131106              0000000000000000000000000000000000000000000000007600000000000000000000000000001131106                         0000000000000000000000000                                             000069
102021974950001161584870000003760                             82111018115      000                        1421101106                              111106000000000760010407765000000000000125647101131106              0000000000000000000000000000000000000000000000007600000000000000000000000000001131106                         0000000000000000000000000                                             000070
102021974950001161584870000003760                             82111027114      000                        1421101106                              111106000000000760000120906000000000000270663101131106              0000000000000000000000000000000000000000000000007600000000000000000000000000001131106                         0000000000000000000000000                                             000071
102021974950001161584870000003760                             82111028110      000                        1421101106                              111106000000000760010407765000000000000125647101131106              0000000000000000000000000000000000000000000000007600000000000000000000000000001131106                         0000000000000000000000000                                             000072
102021974950001161584870000003760                             82130401123      000                        1421101106                              101106000000000760010409148000000000000125647101131106              0000000000000000000000000000000000000000000000007600000000000000000000000000001131106                         0000000000000000000000000                                             000073
102021974950001161584870000003760                             82130402120      000                        1421101106                              101106000000000760006500016000000000000270663101131106              0000000000000000000000000000000000000000000000007600000000000000000000000000001131106                         0000000000000000000000000                                             000074
102021974950001161584870000003760                             82130418123      000                        1421101106                              101106000000000760006500016000000000000270663101131106              0000000000000000000000000000000000000000000000007600000000000000000000000000001131106                         0000000000000000000000000                                             000075
102021974950001161584870000003760                             82130421124      000                        1421101106                              101106000000000760010409148000000000000125647101131106              0000000000000000000000000000000000000000000000007600000000000000000000000000001131106                         0000000000000000000000000                                             000076
102021974950001161584870000003760                             82130424123      000                        1421101106                              101106000000000760006500016000000000000270663101131106              0000000000000000000000000000000000000000000000007600000000000000000000000000001131106                         0000000000000000000000000                                             000077
102021974950001161584870000003760                             82130428129      000                        1421101106                              101106000000000760000102466000000000000270663101131106              0000000000000000000000000000000000000000000000007600000000000000000000000000001131106                         0000000000000000000000000                                             000078
9201104                                                                                                                                                                                                                                                                                                                                                                                                   000079
