02RETORNO01COBRANCA       1584870000003760    IPAD                          104C ECON FEDERAL 091106                                                                                                                                                                                                                                                                                                 00326000001
102021974950001161584870000003760                             82000050029      000                        1421091106                              000000000000000760010409156000000000000125647101101106              0000000000000000000000000000000000000000000000007600000000000000000000000000001101106                         0000000000000000000000000                                             000002
102021974950001161584870000003760                             82010307162      000                        1421091106                              101106000000000660006500016000000000000270663101101106              0000000000000000000000000000000000000000000000006600000000000000000000000000001101106                         0000000000000000000000000                                             000003
102021974950001161584870000003760                             82030202161      000                        1421091106                              101106000000000760010409156000000000000125647101101106              0000000000000000000000000000000000000000000000007600000000000000000000000000001101106                         0000000000000000000000000                                             000004
102021974950001161584870000003760                             82030207163      000                        1421091106                              101106000000000760010409156000000000000125647101101106              0000000000000000000000000000000000000000000000007600000000000000000000000000001101106                         0000000000000000000000000                                             000005
102021974950001161584870000003760                             82030218165      000                        1421091106                              000000000000000760039928996000000000000270663101101106              0000000000000000000000000000000000000000000000007600000000000000000000000000001101106                         0000000000000000000000000                                             000006
102021974950001161584870000003760                             82030220160      000                        1421091106                              101106000000000760010409156000000000000125647101101106              0000000000000000000000000000000000000000000000007600000000000000000000000000001101106                         0000000000000000000000000                                             000007
102021974950001161584870000003760                             82030403167      000                        1421091106                              100906000000000760010407757000000000000125647101101106              0000000000000000000000000000000000000000000000008165000000000056500000000000001101106                         0000000000000000000000000                                             000008
102021974950001161584870000003760                             82030549137      000                        1421091106                              150906000000000760010409148000000000000125647101101106              0000000000000000000000000000000000000000000000008170000000000057000000000000001101106                         0000000000000000000000000                                             000009
102021974950001161584870000003760                             82030549145      000                        1421091106                              151006000000000760010409148000000000000125647101101106              0000000000000000000000000000000000000000000000007942000000000034200000000000001101106                         0000000000000000000000000                                             000010
102021974950001161584870000003760                             82030724141      000                        1421091106                              000000000000000760039928996000000000000270663101101106              0000000000000000000000000000000000000000000000007600000000000000000000000000001101106                         0000000000000000000000000                                             000011
102021974950001161584870000003760                             82030734139      000                        1421091106                              101006000000000760010409148000000000000125647101101106              0000000000000000000000000000000000000000000000007980000000000038000000000000001101106                         0000000000000000000000000                                             000012
102021974950001161584870000003760                             82030734147      000                        1421091106                              101106000000000760010409148000000000000125647101101106              0000000000000000000000000000000000000000000000007600000000000000000000000000001101106                         0000000000000000000000000                                             000013
102021974950001161584870000003760                             82031115114      000                        1421091106                              101106000000000760010424465000000000000240655100091106              0000000000000000000000000000000000000000000000007600000000000000000000000000001091106                         0000000000000000000000000                                             000014
102021974950001161584870000003760                             82031118113      000                        1421091106                              101106000000000760000109176000000000000270663101101106              0000000000000000000000000000000000000000000000007600000000000000000000000000001101106                         0000000000000000000000000                                             000015
102021974950001161584870000003760                             82031122110      000                        1421091106                              101106000000000760010424465000000000000240655100091106              0000000000000000000000000000000000000000000000007600000000000000000000000000001091106                         0000000000000000000000000                                             000016
102021974950001161584870000003760                             82031125110      000                        1421091106                              101106000000000760010424465000000000000240655100091106              0000000000000000000000000000000000000000000000007600000000000000000000000000001091106                         0000000000000000000000000                                             000017
102021974950001161584870000003760                             82031126116      000                        1421091106                              101106000000000760010424465000000000000240655100091106              0000000000000000000000000000000000000000000000007600000000000000000000000000001091106                         0000000000000000000000000                                             000018
102021974950001161584870000003760                             82060409155      000                        1421091106                              101106000000000760006500016000000000000270663101101106              0000000000000000000000000000000000000000000000007600000000000000000000000000001101106                         0000000000000000000000000                                             000019
102021974950001161584870000003760                             82060416135      000                        1421091106                              101106000000000760010415830000000000000125647101101106              0000000000000000000000000000000000000000000000007600000000000000000000000000001101106                         0000000000000000000000000                                             000020
102021974950001161584870000003760                             82060416143      000                        1421091106                              101106000000000760010415830000000000000125647101101106              0000000000000000000000000000000000000000000000007600000000000000000000000000001101106                         0000000000000000000000000                                             000021
102021974950001161584870000003760                             82060514110      000                        1421091106                              150706000000000760010400493000000000000240655100091106              0000000000000000000000000000000000000000000000008688000000000108800000000000001091106                         0000000000000000000000000                                             000022
102021974950001161584870000003760                             82060514129      000                        1421091106                              100806000000000760010400493000000000000240655100091106              0000000000000000000000000000000000000000000000008480000000000088000000000000001091106                         0000000000000000000000000                                             000023
102021974950001161584870000003760                             82060521150      000                        1421091106                              101106000000000760000116206000000000000270663101101106              0000000000000000000000000000000000000000000000007600000000000000000000000000001101106                         0000000000000000000000000                                             000024
102021974950001161584870000003760                             82060524124      000                        1421091106                              100806000000000760010410286000000000000125647101101106              0000000000000000000000000000000000000000000000007843000000000024300000000000001101106                         0000000000000000000000000                                             000025
102021974950001161584870000003760                             82060524132      000                        1421091106                              100906000000000760010410286000000000000125647101101106              0000000000000000000000000000000000000000000000007813000000000021300000000000001101106                         0000000000000000000000000                                             000026
102021974950001161584870000003760                             82060524140      000                        1421091106                              101006000000000760010410286000000000000125647101101106              0000000000000000000000000000000000000000000000007782000000000018200000000000001101106                         0000000000000000000000000                                             000027
102021974950001161584870000003760                             82060524159      000                        1421091106                              101106000000000760010410286000000000000125647101101106              0000000000000000000000000000000000000000000000007600000000000000000000000000001101106                         0000000000000000000000000                                             000028
102021974950001161584870000003760                             82060721175      000                        1421091106                              151106000000000860010406483000000000000125647101101106              0000000000000000000000000000000000000000000000008600000000000000000000000000001101106                         0000000000000000000000000                                             000029
102021974950001161584870000003760                             82060911152      000                        1421091106                              000000000000000760039928996000000000000270663101101106              0000000000000000000000000000000000000000000000007600000000000000000000000000001101106                         0000000000000000000000000                                             000030
102021974950001161584870000003760                             82070633171      000                        1421091106                              201206000000000760006500016000000000000270663101101106              0000000000000000000000000000000000000000000000007600000000000000000000000000001101106                         0000000000000000000000000                                             000031
102021974950001161584870000003760                             82071227150      000                        1421091106                              101106000000000760010410308000000000000125647101101106              0000000000000000000000000000000000000000000000007600000000000000000000000000001101106                         0000000000000000000000000                                             000032
102021974950001161584870000003760                             82071318113      000                        1421091106                              101106000000000760010421245000000000000125647101101106              0000000000000000000000000000000000000000000000007600000000000000000000000000001101106                         0000000000000000000000000                                             000033
102021974950001161584870000003760                             82071416115      000                        1421091106                              101106000000000760007347476000000000000270663101101106              0000000000000000000000000000000000000000000000007600000000000000000000000000001101106                         0000000000000000000000000                                             000034
102021974950001161584870000003760                             82130405129      000                        1421091106                              101106000000000760006500016000000000000270663101101106              0000000000000000000000000000000000000000000000007600000000000000000000000000001101106                         0000000000000000000000000                                             000035
102021974950001161584870000003760                             82130408128      000                        1421091106                              101106000000000760006500016000000000000270663101101106              0000000000000000000000000000000000000000000000007600000000000000000000000000001101106                         0000000000000000000000000                                             000036
102021974950001161584870000003760                             82130415124      000                        1421091106                              101106000000000760006500016000000000000270663101101106              0000000000000000000000000000000000000000000000007600000000000000000000000000001101106                         0000000000000000000000000                                             000037
102021974950001161584870000003760                             82130425111      000                        1421091106                              101006000000000760010409148000000000000125647101101106              0000000000000000000000000000000000000000000000007980000000000038000000000000001101106                         0000000000000000000000000                                             000038
102021974950001161584870000003760                             82130427122      000                        1421091106                              101106000000000760006500016000000000000270663101101106              0000000000000000000000000000000000000000000000007600000000000000000000000000001101106                         0000000000000000000000000                                             000039
9201104                                                                                                                                                                                                                                                                                                                                                                                                   000040
