02RETORNO01COBRANCA       1584870000003760    IPAD                          104C ECON FEDERAL 100805                                                                                                                                                                                                                                                                                                 00023000001
102021974950001161584870000003760                             82999007054      000                        1421100805                              100805000000001000010415830000000000000240655100100805              0000000000000000000000000000000000000000000000010000000000000000000000000000001100805                         0000000000000000000000000                                             000002
102021974950001161584870000003760                             82999009006      000                        1421100805                              100805000000001000000123656000000000000270663101110805              0000000000000000000000000000000000000000000000010000000000000000000000000000001110805                         0000000000000000000000000                                             000003
102021974950001161584870000003760                             82999369517      000                        1421100805                              100805000000000860010400540000000000000125647101110805              0000000000000000000000000000000000000000000000008600000000000000000000000000001110805                         0000000000000000000000000                                             000004
102021974950001161584870000003760                             82999369533      000                        1421100805                              100805000000000860010400540000000000000125647101110805              0000000000000000000000000000000000000000000000008600000000000000000000000000001110805                         0000000000000000000000000                                             000005
102021974950001161584870000003760                             82999369550      000                        1421100805                              100805000000000860010400540000000000000125647101110805              0000000000000000000000000000000000000000000000008600000000000000000000000000001110805                         0000000000000000000000000                                             000006
102021974950001161584870000003760                             82999369576      000                        1421100805                              100805000000000860010400540000000000000125647101110805              0000000000000000000000000000000000000000000000008600000000000000000000000000001110805                         0000000000000000000000000                                             000007
102021974950001161584870000003760                             82999369592      000                        1421100805                              100805000000000860010400540000000000000125647101110805              0000000000000000000000000000000000000000000000008600000000000000000000000000001110805                         0000000000000000000000000                                             000008
102021974950001161584870000003760                             82999369614      000                        1421100805                              100805000000000860010400540000000000000125647101110805              0000000000000000000000000000000000000000000000008600000000000000000000000000001110805                         0000000000000000000000000                                             000009
102021974950001161584870000003760                             82999369630      000                        1421100805                              100805000000000860010400540000000000000125647101110805              0000000000000000000000000000000000000000000000008600000000000000000000000000001110805                         0000000000000000000000000                                             000010
102021974950001161584870000003760                             82999369797      000                        1421100805                              100805000000000860006500016000000000000270663101110805              0000000000000000000000000000000000000000000000008600000000000000000000000000001110805                         0000000000000000000000000                                             000011
102021974950001161584870000003760                             82999369819      000                        1421100805                              100805000000000860010400540000000000000125647101110805              0000000000000000000000000000000000000000000000008600000000000000000000000000001110805                         0000000000000000000000000                                             000012
102021974950001161584870000003760                             82999369835      000                        1421100805                              100805000000000860010400540000000000000125647101110805              0000000000000000000000000000000000000000000000008600000000000000000000000000001110805                         0000000000000000000000000                                             000013
102021974950001161584870000003760                             82999369851      000                        1421100805                              100805000000000860006500016000000000000270663101110805              0000000000000000000000000000000000000000000000008600000000000000000000000000001110805                         0000000000000000000000000                                             000014
102021974950001161584870000003760                             82999369878      000                        1421100805                              100805000000000860010400540000000000000125647101110805              0000000000000000000000000000000000000000000000008600000000000000000000000000001110805                         0000000000000000000000000                                             000015
102021974950001161584870000003760                             82999369894      000                        1421100805                              100805000000000860006500016000000000000270663101110805              0000000000000000000000000000000000000000000000008600000000000000000000000000001110805                         0000000000000000000000000                                             000016
102021974950001161584870000003760                             82999369932      000                        1421100805                              100805000000000860010400540000000000000125647101110805              0000000000000000000000000000000000000000000000008600000000000000000000000000001110805                         0000000000000000000000000                                             000017
102021974950001161584870000003760                             82999370019      000                        1421100805                              100805000000000860010409164000000000000125647101110805              0000000000000000000000000000000000000000000000008600000000000000000000000000001110805                         0000000000000000000000000                                             000018
102021974950001161584870000003760                             82999370035      000                        1421100805                              000000000000000860039928996000000000000270663101110805              0000000000000000000000000000000000000000000000008600000000000000000000000000001110805                         0000000000000000000000000                                             000019
102021974950001161584870000003760                             82999370078      000                        1421100805                              000000000000000860039928996000000000000270663101110805              0000000000000000000000000000000000000000000000008600000000000000000000000000001110805                         0000000000000000000000000                                             000020
102021974950001161584870000003760                             82999370256      000                        1421100805                              000000000000000860039928996000000000000270663101110805              0000000000000000000000000000000000000000000000008600000000000000000000000000001110805                         0000000000000000000000000                                             000021
102021974950001161584870000003760                             82999370272      000                        1421100805                              000000000000000860039928996000000000000270663101110805              0000000000000000000000000000000000000000000000008600000000000000000000000000001110805                         0000000000000000000000000                                             000022
102021974950001161584870000003760                             82999370299      000                        1421100805                              000000000000000860039928996000000000000270663101110805              0000000000000000000000000000000000000000000000008600000000000000000000000000001110805                         0000000000000000000000000                                             000023
102021974950001161584870000003760                             82999370353      000                        1421100805                              000000000000000860039928996000000000000270663101110805              0000000000000000000000000000000000000000000000008600000000000000000000000000001110805                         0000000000000000000000000                                             000024
102021974950001161584870000003760                             82999370370      000                        1421100805                              000000000000000860039928996000000000000270663101110805              0000000000000000000000000000000000000000000000008600000000000000000000000000001110805                         0000000000000000000000000                                             000025
102021974950001161584870000003760                             82999370396      000                        1421100805                              000000000000000860039928996000000000000270663101110805              0000000000000000000000000000000000000000000000008600000000000000000000000000001110805                         0000000000000000000000000                                             000026
102021974950001161584870000003760                             82999370418      000                        1421100805                              000000000000000860039928996000000000000270663101110805              0000000000000000000000000000000000000000000000008600000000000000000000000000001110805                         0000000000000000000000000                                             000027
102021974950001161584870000003760                             82999370434      000                        1421100805                              000000000000000860039928996000000000000270663101110805              0000000000000000000000000000000000000000000000008600000000000000000000000000001110805                         0000000000000000000000000                                             000028
102021974950001161584870000003760                             82999370450      000                        1421100805                              000000000000000860039928996000000000000270663101110805              0000000000000000000000000000000000000000000000008600000000000000000000000000001110805                         0000000000000000000000000                                             000029
102021974950001161584870000003760                             82999370477      000                        1421100805                              000000000000000860039928996000000000000270663101110805              0000000000000000000000000000000000000000000000008600000000000000000000000000001110805                         0000000000000000000000000                                             000030
102021974950001161584870000003760                             82999370493      000                        1421100805                              000000000000000860039928996000000000000270663101110805              0000000000000000000000000000000000000000000000008600000000000000000000000000001110805                         0000000000000000000000000                                             000031
102021974950001161584870000003760                             82999370515      000                        1421100805                              100805000000000860010409164000000000000125647101110805              0000000000000000000000000000000000000000000000008600000000000000000000000000001110805                         0000000000000000000000000                                             000032
102021974950001161584870000003760                             82999370531      000                        1421100805                              100805000000000860023732126000000000000270663101110805              0000000000000000000000000000000000000000000000008600000000000000000000000000001110805                         0000000000000000000000000                                             000033
102021974950001161584870000003760                             82999370574      000                        1421100805                              000000000000000860039928996000000000000270663101110805              0000000000000000000000000000000000000000000000008600000000000000000000000000001110805                         0000000000000000000000000                                             000034
102021974950001161584870000003760                             82999370590      000                        1421100805                              000000000000000860039928996000000000000270663101110805              0000000000000000000000000000000000000000000000008600000000000000000000000000001110805                         0000000000000000000000000                                             000035
102021974950001161584870000003760                             82999370612      000                        1421100805                              000000000000000860039928996000000000000270663101110805              0000000000000000000000000000000000000000000000008600000000000000000000000000001110805                         0000000000000000000000000                                             000036
102021974950001161584870000003760                             82999370639      000                        1421100805                              000000000000000860039928996000000000000270663101110805              0000000000000000000000000000000000000000000000008600000000000000000000000000001110805                         0000000000000000000000000                                             000037
102021974950001161584870000003760                             82999370655      000                        1421100805                              000000000000000860039928996000000000000270663101110805              0000000000000000000000000000000000000000000000008600000000000000000000000000001110805                         0000000000000000000000000                                             000038
102021974950001161584870000003760                             82999370671      000                        1421100805                              000000000000000860039928996000000000000270663101110805              0000000000000000000000000000000000000000000000008600000000000000000000000000001110805                         0000000000000000000000000                                             000039
102021974950001161584870000003760                             82999370698      000                        1421100805                              000000000000000860039928996000000000000270663101110805              0000000000000000000000000000000000000000000000008600000000000000000000000000001110805                         0000000000000000000000000                                             000040
102021974950001161584870000003760                             82999370710      000                        1421100805                              100805000000000860010409164000000000000125647101110805              0000000000000000000000000000000000000000000000008600000000000000000000000000001110805                         0000000000000000000000000                                             000041
102021974950001161584870000003760                             82999370736      000                        1421100805                              100805000000000860000111206000000000000270663101110805              0000000000000000000000000000000000000000000000008600000000000000000000000000001110805                         0000000000000000000000000                                             000042
102021974950001161584870000003760                             82999370752      000                        1421100805                              100805000000000860000111206000000000000270663101110805              0000000000000000000000000000000000000000000000008600000000000000000000000000001110805                         0000000000000000000000000                                             000043
102021974950001161584870000003760                             82999370876      000                        1421100805                              100805000000000860010409164000000000000125647101110805              0000000000000000000000000000000000000000000000008600000000000000000000000000001110805                         0000000000000000000000000                                             000044
102021974950001161584870000003760                             82999371031      000                        1421100805                              100805000000000860010400515000000000000125647101110805              0000000000000000000000000000000000000000000000008600000000000000000000000000001110805                         0000000000000000000000000                                             000045
102021974950001161584870000003760                             82999371058      000                        1421100805                              100805000000000860010409164000000000000125647101110805              0000000000000000000000000000000000000000000000008600000000000000000000000000001110805                         0000000000000000000000000                                             000046
102021974950001161584870000003760                             82999371074      000                        1421100805                              100805000000000860010409164000000000000125647101110805              0000000000000000000000000000000000000000000000008600000000000000000000000000001110805                         0000000000000000000000000                                             000047
102021974950001161584870000003760                             82999371090      000                        1421100805                              100805000000000860010409164000000000000125647101110805              0000000000000000000000000000000000000000000000008600000000000000000000000000001110805                         0000000000000000000000000                                             000048
102021974950001161584870000003760                             82999371112      000                        1421100805                              100805000000000860010409164000000000000125647101110805              0000000000000000000000000000000000000000000000008600000000000000000000000000001110805                         0000000000000000000000000                                             000049
102021974950001161584870000003760                             82999371139      000                        1421100805                              100805000000000860010409164000000000000125647101110805              0000000000000000000000000000000000000000000000008600000000000000000000000000001110805                         0000000000000000000000000                                             000050
102021974950001161584870000003760                             82999371155      000                        1421100805                              100805000000000860010409164000000000000125647101110805              0000000000000000000000000000000000000000000000008600000000000000000000000000001110805                         0000000000000000000000000                                             000051
102021974950001161584870000003760                             82999371171      000                        1421100805                              100805000000000860010409164000000000000125647101110805              0000000000000000000000000000000000000000000000008600000000000000000000000000001110805                         0000000000000000000000000                                             000052
102021974950001161584870000003760                             82999371198      000                        1421100805                              100805000000000860010409164000000000000125647101110805              0000000000000000000000000000000000000000000000008600000000000000000000000000001110805                         0000000000000000000000000                                             000053
102021974950001161584870000003760                             82999371210      000                        1421100805                              100805000000000860010409164000000000000125647101110805              0000000000000000000000000000000000000000000000008600000000000000000000000000001110805                         0000000000000000000000000                                             000054
102021974950001161584870000003760                             82999371236      000                        1421100805                              100805000000000860010409164000000000000125647101110805              0000000000000000000000000000000000000000000000008600000000000000000000000000001110805                         0000000000000000000000000                                             000055
102021974950001161584870000003760                             82999371252      000                        1421100805                              100805000000000860010409164000000000000125647101110805              0000000000000000000000000000000000000000000000008600000000000000000000000000001110805                         0000000000000000000000000                                             000056
102021974950001161584870000003760                             82999371279      000                        1421100805                              100805000000000860010409164000000000000125647101110805              0000000000000000000000000000000000000000000000008600000000000000000000000000001110805                         0000000000000000000000000                                             000057
102021974950001161584870000003760                             82999371295      000                        1421100805                              100805000000000860010409164000000000000125647101110805              0000000000000000000000000000000000000000000000008600000000000000000000000000001110805                         0000000000000000000000000                                             000058
102021974950001161584870000003760                             82999371317      000                        1421100805                              100805000000000860010400523000000000000125647101110805              0000000000000000000000000000000000000000000000008600000000000000000000000000001110805                         0000000000000000000000000                                             000059
102021974950001161584870000003760                             82999371333      000                        1421100805                              100805000000000860010409164000000000000125647101110805              0000000000000000000000000000000000000000000000008600000000000000000000000000001110805                         0000000000000000000000000                                             000060
102021974950001161584870000003760                             82999371350      000                        1421100805                              100805000000000860010409164000000000000125647101110805              0000000000000000000000000000000000000000000000008600000000000000000000000000001110805                         0000000000000000000000000                                             000061
102021974950001161584870000003760                             82999371376      000                        1421100805                              100805000000000860010409164000000000000125647101110805              0000000000000000000000000000000000000000000000008600000000000000000000000000001110805                         0000000000000000000000000                                             000062
102021974950001161584870000003760                             82999371414      000                        1421100805                              100805000000000860010409164000000000000125647101110805              0000000000000000000000000000000000000000000000008600000000000000000000000000001110805                         0000000000000000000000000                                             000063
102021974950001161584870000003760                             82999371430      000                        1421100805                              100805000000000860010409164000000000000125647101110805              0000000000000000000000000000000000000000000000008600000000000000000000000000001110805                         0000000000000000000000000                                             000064
102021974950001161584870000003760                             82999371457      000                        1421100805                              100805000000000860010409164000000000000125647101110805              0000000000000000000000000000000000000000000000008600000000000000000000000000001110805                         0000000000000000000000000                                             000065
102021974950001161584870000003760                             82999371473      000                        1421100805                              100805000000000860010409164000000000000125647101110805              0000000000000000000000000000000000000000000000008600000000000000000000000000001110805                         0000000000000000000000000                                             000066
102021974950001161584870000003760                             82999371490      000                        1421100805                              100805000000000860010409164000000000000125647101110805              0000000000000000000000000000000000000000000000008600000000000000000000000000001110805                         0000000000000000000000000                                             000067
102021974950001161584870000003760                             82999371511      000                        1421100805                              100805000000000860010409164000000000000125647101110805              0000000000000000000000000000000000000000000000008600000000000000000000000000001110805                         0000000000000000000000000                                             000068
102021974950001161584870000003760                             82999373506      000                        1421100805                              100805000000000860010400540000000000000125647101110805              0000000000000000000000000000000000000000000000008600000000000000000000000000001110805                         0000000000000000000000000                                             000069
102021974950001161584870000003760                             82999373778      000                        1421100805                              100805000000000860023725426000000000000270663101110805              0000000000000000000000000000000000000000000000008600000000000000000000000000001110805                         0000000000000000000000000                                             000070
102021974950001161584870000003760                             82999373816      000                        1421100805                              100805000000000860075620076000000000000270663101110805              0000000000000000000000000000000000000000000000008600000000000000000000000000001110805                         0000000000000000000000000                                             000071
102021974950001161584870000003760                             82999373832      000                        1421100805                              100805000000000860010414338000000000000125647101110805              0000000000000000000000000000000000000000000000008600000000000000000000000000001110805                         0000000000000000000000000                                             000072
102021974950001161584870000003760                             82999373859      000                        1421100805                              100805000000000860006500016000000000000270663101110805              0000000000000000000000000000000000000000000000008600000000000000000000000000001110805                         0000000000000000000000000                                             000073
102021974950001161584870000003760                             82999374545      000                        1421100805                              100805000000000860010400540000000000000125647101110805              0000000000000000000000000000000000000000000000008600000000000000000000000000001110805                         0000000000000000000000000                                             000074
102021974950001161584870000003760                             82999374979      000                        1421100805                              100805000000000860006500016000000000000270663101110805              0000000000000000000000000000000000000000000000008600000000000000000000000000001110805                         0000000000000000000000000                                             000075
102021974950001161584870000003760                             82999375703      000                        1421100805                              000000000000000860039928996000000000000270663101110805              0000000000000000000000000000000000000000000000008600000000000000000000000000001110805                         0000000000000000000000000                                             000076
102021974950001161584870000003760                             82999375720      000                        1421100805                              100805000000000860010400523000000000000125620101110805              0000000000000000000000000000000000000000000000008600000000000000000000000000001110805                         0000000000000000000000000                                             000077
102021974950001161584870000003760                             82999375800      000                        1421100805                              000000000000000860039928996000000000000270663101110805              0000000000000000000000000000000000000000000000008600000000000000000000000000001110805                         0000000000000000000000000                                             000078
102021974950001161584870000003760                             82999375827      000                        1421100805                              100805000000000860023732126000000000000270663101110805              0000000000000000000000000000000000000000000000008600000000000000000000000000001110805                         0000000000000000000000000                                             000079
102021974950001161584870000003760                             82999378222      000                        1421100805                              100805000000000860010430171000000000000125647101110805              0000000000000000000000000000000000000000000000008600000000000000000000000000001110805                         0000000000000000000000000                                             000080
102021974950001161584870000003760                             82999378249      000                        1421100805                              100805000000000860010430171000000000000125647101110805              0000000000000000000000000000000000000000000000008600000000000000000000000000001110805                         0000000000000000000000000                                             000081
102021974950001161584870000003760                             82999378281      000                        1421100805                              100805000000000860010430171000000000000125647101110805              0000000000000000000000000000000000000000000000008600000000000000000000000000001110805                         0000000000000000000000000                                             000082
102021974950001161584870000003760                             82999378303      000                        1421100805                              100805000000000860010430171000000000000125647101110805              0000000000000000000000000000000000000000000000008600000000000000000000000000001110805                         0000000000000000000000000                                             000083
102021974950001161584870000003760                             82999378320      000                        1421100805                              100805000000000860010430171000000000000125647101110805              0000000000000000000000000000000000000000000000008600000000000000000000000000001110805                         0000000000000000000000000                                             000084
102021974950001161584870000003760                             82999383129      000                        1421100805                              100805000000000860010400523000000000000125647101110805              0000000000000000000000000000000000000000000000008600000000000000000000000000001110805                         0000000000000000000000000                                             000085
102021974950001161584870000003760                             82999383684      000                        1421100805                              100805000000000860010400523000000000000125647101110805              0000000000000000000000000000000000000000000000008600000000000000000000000000001110805                         0000000000000000000000000                                             000086
102021974950001161584870000003760                             82999383862      000                        1421100805                              000000000000000860039928996000000000000270663101110805              0000000000000000000000000000000000000000000000008600000000000000000000000000001110805                         0000000000000000000000000                                             000087
102021974950001161584870000003760                             82999383889      000                        1421100805                              000000000000000860039928996000000000000270663101110805              0000000000000000000000000000000000000000000000008600000000000000000000000000001110805                         0000000000000000000000000                                             000088
102021974950001161584870000003760                             82999383900      000                        1421100805                              000000000000000860039928996000000000000270663101110805              0000000000000000000000000000000000000000000000008600000000000000000000000000001110805                         0000000000000000000000000                                             000089
102021974950001161584870000003760                             82999384141      000                        1421100805                              000000000000000860039928996000000000000270663101110805              0000000000000000000000000000000000000000000000008600000000000000000000000000001110805                         0000000000000000000000000                                             000090
102021974950001161584870000003760                             82999384184      000                        1421100805                              100805000000000860074822066000000000000270663101110805              0000000000000000000000000000000000000000000000008600000000000000000000000000001110805                         0000000000000000000000000                                             000091
102021974950001161584870000003760                             82999384842      000                        1421100805                              100805000000000860010400523000000000000125647101110805              0000000000000000000000000000000000000000000000008600000000000000000000000000001110805                         0000000000000000000000000                                             000092
102021974950001161584870000003760                             82999385121      000                        1421100805                              100805000000000860010400523000000000000125647101110805              0000000000000000000000000000000000000000000000008600000000000000000000000000001110805                         0000000000000000000000000                                             000093
102021974950001161584870000003760                             82999385202      000                        1421100805                              100805000000000860010400523000000000000125647101110805              0000000000000000000000000000000000000000000000008600000000000000000000000000001110805                         0000000000000000000000000                                             000094
102021974950001161584870000003760                             82999385245      000                        1421100805                              100805000000000860000126256000000000000270663101110805              0000000000000000000000000000000000000000000000008600000000000000000000000000001110805                         0000000000000000000000000                                             000095
102021974950001161584870000003760                             82999385369      000                        1421100805                              100805000000000860000126256000000000000270663101110805              0000000000000000000000000000000000000000000000008600000000000000000000000000001110805                         0000000000000000000000000                                             000096
102021974950001161584870000003760                             82999385547      000                        1421100805                              000000000000000860039928996000000000000270663101110805              0000000000000000000000000000000000000000000000008600000000000000000000000000001110805                         0000000000000000000000000                                             000097
102021974950001161584870000003760                             82999385806      000                        1421100805                              000000000000000860039928996000000000000270663101110805              0000000000000000000000000000000000000000000000008600000000000000000000000000001110805                         0000000000000000000000000                                             000098
102021974950001161584870000003760                             82999385849      000                        1421100805                              100805000000000860010400523000000000000125647101110805              0000000000000000000000000000000000000000000000008600000000000000000000000000001110805                         0000000000000000000000000                                             000099
102021974950001161584870000003760                             82999385881      000                        1421100805                              100805000000000860023732126000000000000270663101110805              0000000000000000000000000000000000000000000000008600000000000000000000000000001110805                         0000000000000000000000000                                             000100
102021974950001161584870000003760                             82999385920      000                        1421100805                              000000000000000860039928996000000000000270663101110805              0000000000000000000000000000000000000000000000008600000000000000000000000000001110805                         0000000000000000000000000                                             000101
102021974950001161584870000003760                             82999385946      000                        1421100805                              100805000000000860010409164000000000000125647101110805              0000000000000000000000000000000000000000000000008600000000000000000000000000001110805                         0000000000000000000000000                                             000102
9201104                                                                                                                                                                                                                                                                                                                                                                                                   000103
