02RETORNO01COBRANCA       1584870000003760    IPAD                          104C ECON FEDERAL 090805                                                                                                                                                                                                                                                                                                 00022000001
102021974950001161584870000003760                             82999007011      000                        1421090805                              100805000000001000010409172000000000000125647101100805              0000000000000000000000000000000000000000000000010000000000000000000000000000001100805                         0000000000000000000000000                                             000002
102021974950001161584870000003760                             82999369096      000                        1421090805                              100805000000000860010408770000000000000125647101100805              0000000000000000000000000000000000000000000000008600000000000000000000000000001100805                         0000000000000000000000000                                             000003
102021974950001161584870000003760                             82999369118      000                        1421090805                              100805000000000860010408770000000000000125647101100805              0000000000000000000000000000000000000000000000008600000000000000000000000000001100805                         0000000000000000000000000                                             000004
102021974950001161584870000003760                             82999369134      000                        1421090805                              100805000000000860010408770000000000000125647101100805              0000000000000000000000000000000000000000000000008600000000000000000000000000001100805                         0000000000000000000000000                                             000005
102021974950001161584870000003760                             82999369150      000                        1421090805                              100805000000000860010408770000000000000125647101100805              0000000000000000000000000000000000000000000000008600000000000000000000000000001100805                         0000000000000000000000000                                             000006
102021974950001161584870000003760                             82999369177      000                        1421090805                              100805000000000860010408770000000000000125647101100805              0000000000000000000000000000000000000000000000008600000000000000000000000000001100805                         0000000000000000000000000                                             000007
102021974950001161584870000003760                             82999369193      000                        1421090805                              100805000000000860010408770000000000000125647101100805              0000000000000000000000000000000000000000000000008600000000000000000000000000001100805                         0000000000000000000000000                                             000008
102021974950001161584870000003760                             82999369215      000                        1421090805                              100805000000000860010408770000000000000125647101100805              0000000000000000000000000000000000000000000000008600000000000000000000000000001100805                         0000000000000000000000000                                             000009
102021974950001161584870000003760                             82999369231      000                        1421090805                              100805000000000860010408770000000000000125647101100805              0000000000000000000000000000000000000000000000008600000000000000000000000000001100805                         0000000000000000000000000                                             000010
102021974950001161584870000003760                             82999369258      000                        1421090805                              100805000000000860010408770000000000000125647101100805              0000000000000000000000000000000000000000000000008600000000000000000000000000001100805                         0000000000000000000000000                                             000011
102021974950001161584870000003760                             82999369274      000                        1421090805                              100805000000000860010408770000000000000125647101100805              0000000000000000000000000000000000000000000000008600000000000000000000000000001100805                         0000000000000000000000000                                             000012
102021974950001161584870000003760                             82999369290      000                        1421090805                              100805000000000860010408770000000000000125647101100805              0000000000000000000000000000000000000000000000008600000000000000000000000000001100805                         0000000000000000000000000                                             000013
102021974950001161584870000003760                             82999369312      000                        1421090805                              100805000000000860010408770000000000000125647101100805              0000000000000000000000000000000000000000000000008600000000000000000000000000001100805                         0000000000000000000000000                                             000014
102021974950001161584870000003760                             82999369339      000                        1421090805                              100805000000000860010408770000000000000125647101100805              0000000000000000000000000000000000000000000000008600000000000000000000000000001100805                         0000000000000000000000000                                             000015
102021974950001161584870000003760                             82999369355      000                        1421090805                              100805000000000860010408770000000000000125647101100805              0000000000000000000000000000000000000000000000008600000000000000000000000000001100805                         0000000000000000000000000                                             000016
102021974950001161584870000003760                             82999369371      000                        1421090805                              100805000000000860010408770000000000000125647101100805              0000000000000000000000000000000000000000000000008600000000000000000000000000001100805                         0000000000000000000000000                                             000017
102021974950001161584870000003760                             82999369398      000                        1421090805                              100805000000000860010408770000000000000125647101100805              0000000000000000000000000000000000000000000000008600000000000000000000000000001100805                         0000000000000000000000000                                             000018
102021974950001161584870000003760                             82999369410      000                        1421090805                              100805000000000860010408770000000000000125647101100805              0000000000000000000000000000000000000000000000008600000000000000000000000000001100805                         0000000000000000000000000                                             000019
102021974950001161584870000003760                             82999369436      000                        1421090805                              100805000000000860010408770000000000000125647101100805              0000000000000000000000000000000000000000000000008600000000000000000000000000001100805                         0000000000000000000000000                                             000020
102021974950001161584870000003760                             82999369452      000                        1421090805                              100805000000000860010408770000000000000125647101100805              0000000000000000000000000000000000000000000000008600000000000000000000000000001100805                         0000000000000000000000000                                             000021
102021974950001161584870000003760                             82999369479      000                        1421090805                              100805000000000860010408770000000000000125647101100805              0000000000000000000000000000000000000000000000008600000000000000000000000000001100805                         0000000000000000000000000                                             000022
102021974950001161584870000003760                             82999369495      000                        1421090805                              100805000000000860010408770000000000000125647101100805              0000000000000000000000000000000000000000000000008600000000000000000000000000001100805                         0000000000000000000000000                                             000023
102021974950001161584870000003760                             82999373220      000                        1421090805                              100805000000000860010400540000000000000125647101100805              0000000000000000000000000000000000000000000000008600000000000000000000000000001100805                         0000000000000000000000000                                             000024
102021974950001161584870000003760                             82999373522      000                        1421090805                              100805000000000860075620076000000000000270663101100805              0000000000000000000000000000000000000000000000008600000000000000000000000000001100805                         0000000000000000000000000                                             000025
102021974950001161584870000003760                             82999373786      000                        1421090805                              100805000000000860006500016000000000000270663101100805              0000000000000000000000000000000000000000000000008600000000000000000000000000001100805                         0000000000000000000000000                                             000026
102021974950001161584870000003760                             82999374464      000                        1421090805                              100805000000000860010400540000000000000125647101100805              0000000000000000000000000000000000000000000000008600000000000000000000000000001100805                         0000000000000000000000000                                             000027
102021974950001161584870000003760                             82999374499      000                        1421090805                              100805000000000860000117546000000000000270663101100805              0000000000000000000000000000000000000000000000008600000000000000000000000000001100805                         0000000000000000000000000                                             000028
102021974950001161584870000003760                             82999374820      000                        1421090805                              100805000000000860006500016000000000000270663101100805              0000000000000000000000000000000000000000000000008600000000000000000000000000001100805                         0000000000000000000000000                                             000029
102021974950001161584870000003760                             82999375304      000                        1421090805                              100805000000000860075620076000000000000270663101100805              0000000000000000000000000000000000000000000000008600000000000000000000000000001100805                         0000000000000000000000000                                             000030
102021974950001161584870000003760                             82999378044      000                        1421090805                              100805000000000860010430171000000000000125647101100805              0000000000000000000000000000000000000000000000008600000000000000000000000000001100805                         0000000000000000000000000                                             000031
102021974950001161584870000003760                             82999378060      000                        1421090805                              100805000000000860006500016000000000000270663101100805              0000000000000000000000000000000000000000000000008600000000000000000000000000001100805                         0000000000000000000000000                                             000032
102021974950001161584870000003760                             82999378087      000                        1421090805                              100805000000000860010430171000000000000125647101100805              0000000000000000000000000000000000000000000000008600000000000000000000000000001100805                         0000000000000000000000000                                             000033
102021974950001161584870000003760                             82999378109      000                        1421090805                              100805000000000860010430171000000000000125647101100805              0000000000000000000000000000000000000000000000008600000000000000000000000000001100805                         0000000000000000000000000                                             000034
102021974950001161584870000003760                             82999378125      000                        1421090805                              100805000000000860010430171000000000000125647101100805              0000000000000000000000000000000000000000000000008600000000000000000000000000001100805                         0000000000000000000000000                                             000035
102021974950001161584870000003760                             82999378141      000                        1421090805                              100805000000000860010430171000000000000125647101100805              0000000000000000000000000000000000000000000000008600000000000000000000000000001100805                         0000000000000000000000000                                             000036
102021974950001161584870000003760                             82999378168      000                        1421090805                              100805000000000860010430171000000000000125647101100805              0000000000000000000000000000000000000000000000008600000000000000000000000000001100805                         0000000000000000000000000                                             000037
102021974950001161584870000003760                             82999378184      000                        1421090805                              100805000000000860010430171000000000000125647101100805              0000000000000000000000000000000000000000000000008600000000000000000000000000001100805                         0000000000000000000000000                                             000038
102021974950001161584870000003760                             82999383064      000                        1421090805                              000000000000000860039928996000000000000270663101100805              0000000000000000000000000000000000000000000000008600000000000000000000000000001100805                         0000000000000000000000000                                             000039
102021974950001161584870000003760                             82999383102      000                        1421090805                              100805000000000860010400523000000000000125647101100805              0000000000000000000000000000000000000000000000008600000000000000000000000000001100805                         0000000000000000000000000                                             000040
102021974950001161584870000003760                             82999383161      000                        1421090805                              000000000000000860039928996000000000000270663101100805              0000000000000000000000000000000000000000000000008600000000000000000000000000001100805                         0000000000000000000000000                                             000041
102021974950001161584870000003760                             82999383200      000                        1421090805                              100805000000000860075620076000000000000270663101100805              0000000000000000000000000000000000000000000000008600000000000000000000000000001100805                         0000000000000000000000000                                             000042
102021974950001161584870000003760                             82999383226      000                        1421090805                              000000000000000860039928996000000000000270663101100805              0000000000000000000000000000000000000000000000008600000000000000000000000000001100805                         0000000000000000000000000                                             000043
102021974950001161584870000003760                             82999383323      000                        1421090805                              100805000000000860023732126000000000000270663101100805              0000000000000000000000000000000000000000000000008600000000000000000000000000001100805                         0000000000000000000000000                                             000044
102021974950001161584870000003760                             82999383420      000                        1421090805                              100805000000000860075620076000000000000270663101100805              0000000000000000000000000000000000000000000000008600000000000000000000000000001100805                         0000000000000000000000000                                             000045
102021974950001161584870000003760                             82999383722      000                        1421090805                              100805000000000860075620076000000000000270663101100805              0000000000000000000000000000000000000000000000008600000000000000000000000000001100805                         0000000000000000000000000                                             000046
102021974950001161584870000003760                             82999383927      000                        1421090805                              000000000000000860039928996000000000000270663101100805              0000000000000000000000000000000000000000000000008600000000000000000000000000001100805                         0000000000000000000000000                                             000047
102021974950001161584870000003760                             82999383943      000                        1421090805                              000000000000000860039928996000000000000270663101100805              0000000000000000000000000000000000000000000000008600000000000000000000000000001100805                         0000000000000000000000000                                             000048
102021974950001161584870000003760                             82999383960      000                        1421090805                              100805000000000860010400523000000000000125647101100805              0000000000000000000000000000000000000000000000008600000000000000000000000000001100805                         0000000000000000000000000                                             000049
102021974950001161584870000003760                             82999383986      000                        1421090805                              100805000000000860010400523000000000000125647101100805              0000000000000000000000000000000000000000000000008600000000000000000000000000001100805                         0000000000000000000000000                                             000050
102021974950001161584870000003760                             82999384001      000                        1421090805                              100805000000000860075620076000000000000270663101100805              0000000000000000000000000000000000000000000000008600000000000000000000000000001100805                         0000000000000000000000000                                             000051
102021974950001161584870000003760                             82999384028      000                        1421090805                              100805000000000860075620076000000000000270663101100805              0000000000000000000000000000000000000000000000008600000000000000000000000000001100805                         0000000000000000000000000                                             000052
102021974950001161584870000003760                             82999384168      000                        1421090805                              100805000000000860075620076000000000000270663101100805              0000000000000000000000000000000000000000000000008600000000000000000000000000001100805                         0000000000000000000000000                                             000053
102021974950001161584870000003760                             82999384222      000                        1421090805                              100805000000000860010400523000000000000125647101100805              0000000000000000000000000000000000000000000000008600000000000000000000000000001100805                         0000000000000000000000000                                             000054
102021974950001161584870000003760                             82999384265      000                        1421090805                              100805000000000860010400523000000000000125620101100805              0000000000000000000000000000000000000000000000008600000000000000000000000000001100805                         0000000000000000000000000                                             000055
102021974950001161584870000003760                             82999384303      000                        1421090805                              100805000000000860075620076000000000000270663101100805              0000000000000000000000000000000000000000000000008600000000000000000000000000001100805                         0000000000000000000000000                                             000056
102021974950001161584870000003760                             82999384982      000                        1421090805                              000000000000000860039928996000000000000270663101100805              0000000000000000000000000000000000000000000000008600000000000000000000000000001100805                         0000000000000000000000000                                             000057
102021974950001161584870000003760                             82999385008      000                        1421090805                              100805000000000860006500016000000000000270663101100805              0000000000000000000000000000000000000000000000008600000000000000000000000000001100805                         0000000000000000000000000                                             000058
102021974950001161584870000003760                             82999385040      000                        1421090805                              100805000000000860006500016000000000000270663101100805              0000000000000000000000000000000000000000000000008600000000000000000000000000001100805                         0000000000000000000000000                                             000059
102021974950001161584870000003760                             82999385164      000                        1421090805                              000000000000000860039928996000000000000270663101100805              0000000000000000000000000000000000000000000000008600000000000000000000000000001100805                         0000000000000000000000000                                             000060
102021974950001161584870000003760                             82999385229      000                        1421090805                              100805000000000860000100676000000000000270663101100805              0000000000000000000000000000000000000000000000008600000000000000000000000000001100805                         0000000000000000000000000                                             000061
102021974950001161584870000003760                             82999385385      000                        1421090805                              100805000000000860010400523000000000000125647101100805              0000000000000000000000000000000000000000000000008600000000000000000000000000001100805                         0000000000000000000000000                                             000062
102021974950001161584870000003760                             82999385407      000                        1421090805                              100805000000000860010400523000000000000125647101100805              0000000000000000000000000000000000000000000000008600000000000000000000000000001100805                         0000000000000000000000000                                             000063
102021974950001161584870000003760                             82999385466      000                        1421090805                              100805000000000860010400523000000000000125647101100805              0000000000000000000000000000000000000000000000008600000000000000000000000000001100805                         0000000000000000000000000                                             000064
102021974950001161584870000003760                             82999385482      000                        1421090805                              000000000000000860039928996000000000000270663101100805              0000000000000000000000000000000000000000000000008600000000000000000000000000001100805                         0000000000000000000000000                                             000065
102021974950001161584870000003760                             82999385504      000                        1421090805                              100805000000000860010400523000000000000125647101100805              0000000000000000000000000000000000000000000000008600000000000000000000000000001100805                         0000000000000000000000000                                             000066
102021974950001161584870000003760                             82999385520      000                        1421090805                              100805000000000860010400523000000000000125647101100805              0000000000000000000000000000000000000000000000008600000000000000000000000000001100805                         0000000000000000000000000                                             000067
102021974950001161584870000003760                             82999385601      000                        1421090805                              000000000000000860039928996000000000000270663101100805              0000000000000000000000000000000000000000000000008600000000000000000000000000001100805                         0000000000000000000000000                                             000068
102021974950001161584870000003760                             82999385628      000                        1421090805                              100805000000000860010400523000000000000125647101100805              0000000000000000000000000000000000000000000000008600000000000000000000000000001100805                         0000000000000000000000000                                             000069
102021974950001161584870000003760                             82999385644      000                        1421090805                              100805000000000860075620076000000000000270663101100805              0000000000000000000000000000000000000000000000008600000000000000000000000000001100805                         0000000000000000000000000                                             000070
102021974950001161584870000003760                             82999385660      000                        1421090805                              100805000000000860023732126000000000000270663101100805              0000000000000000000000000000000000000000000000008600000000000000000000000000001100805                         0000000000000000000000000                                             000071
102021974950001161584870000003760                             82999385687      000                        1421090805                              100805000000000860002410026000000000000270663101100805              0000000000000000000000000000000000000000000000008600000000000000000000000000001100805                         0000000000000000000000000                                             000072
102021974950001161584870000003760                             82999385741      000                        1421090805                              100805000000000860023732126000000000000270663101100805              0000000000000000000000000000000000000000000000008600000000000000000000000000001100805                         0000000000000000000000000                                             000073
102021974950001161584870000003760                             82999385768      000                        1421090805                              100805000000000860010400523000000000000125647101100805              0000000000000000000000000000000000000000000000008600000000000000000000000000001100805                         0000000000000000000000000                                             000074
102021974950001161584870000003760                             82999385784      000                        1421090805                              000000000000000860039928996000000000000270663101100805              0000000000000000000000000000000000000000000000008600000000000000000000000000001100805                         0000000000000000000000000                                             000075
102021974950001161584870000003760                             82999385822      000                        1421090805                              100805000000000860010400523000000000000125647101100805              0000000000000000000000000000000000000000000000008600000000000000000000000000001100805                         0000000000000000000000000                                             000076
102021974950001161584870000003760                             82999385865      000                        1421090805                              000000000000000860039928996000000000000270663101100805              0000000000000000000000000000000000000000000000008600000000000000000000000000001100805                         0000000000000000000000000                                             000077
102021974950001161584870000003760                             82999385903      000                        1421090805                              000000000000000860039928996000000000000270663101100805              0000000000000000000000000000000000000000000000008600000000000000000000000000001100805                         0000000000000000000000000                                             000078
102021974950001161584870000003760                             82999385989      000                        1421090805                              100805000000000860075620076000000000000270663101100805              0000000000000000000000000000000000000000000000008600000000000000000000000000001100805                         0000000000000000000000000                                             000079
9201104                                                                                                                                                                                                                                                                                                                                                                                                   000080
