02RETORNO01COBRANCA       1584870000003760    IPAD                          104C ECON FEDERAL 140306                                                                                                                                                                                                                                                                                                 00161000001
102021974950001161584870000003760                             82000034333      000                        1421140306                              050306000000000860010415806000000000000125647101150306              0000000000000000000000000000000000000000000000008844000000000024400000000000001150306                         0000000000000000000000000                                             000002
102021974950001161584870000003760                             82000034520      000                        1421140306                              100306000000000750010407765000000000000125647101150306              0000000000000000000000000000000000000000000000007500000000000000000000000000001150306                         0000000000000000000000000                                             000003
102021974950001161584870000003760                             82000034538      000                        1421140306                              100306000000000750010407765000000000000125647101150306              0000000000000000000000000000000000000000000000007500000000000000000000000000001150306                         0000000000000000000000000                                             000004
102021974950001161584870000003760                             82000034686      000                        1421140306                              100306000000000750010407765000000000000125647101150306              0000000000000000000000000000000000000000000000007500000000000000000000000000001150306                         0000000000000000000000000                                             000005
102021974950001161584870000003760                             82000034767      000                        1421140306                              100306000000000750010407765000000000000125647101150306              0000000000000000000000000000000000000000000000007500000000000000000000000000001150306                         0000000000000000000000000                                             000006
102021974950001161584870000003760                             82000034864      000                        1421140306                              100306000000000750010407765000000000000125647101150306              0000000000000000000000000000000000000000000000007500000000000000000000000000001150306                         0000000000000000000000000                                             000007
102021974950001161584870000003760                             82000034880      000                        1421140306                              100306000000000750010407765000000000000125647101150306              0000000000000000000000000000000000000000000000007500000000000000000000000000001150306                         0000000000000000000000000                                             000008
102021974950001161584870000003760                             82000034929      000                        1421140306                              100306000000000750010408125000000000000240655100140306              0000000000000000000000000000000000000000000000007950000000000045000000000000001140306                         0000000000000000000000000                                             000009
102021974950001161584870000003760                             82000035011      000                        1421140306                              100306000000000750010407765000000000000125647101150306              0000000000000000000000000000000000000000000000007500000000000000000000000000001150306                         0000000000000000000000000                                             000010
102021974950001161584870000003760                             82000035208      000                        1421140306                              100306000000000750010407765000000000000125647101150306              0000000000000000000000000000000000000000000000007500000000000000000000000000001150306                         0000000000000000000000000                                             000011
102021974950001161584870000003760                             82000035259      000                        1421140306                              100306000000000750010407765000000000000125647101150306              0000000000000000000000000000000000000000000000007500000000000000000000000000001150306                         0000000000000000000000000                                             000012
102021974950001161584870000003760                             82000035313      000                        1421140306                              100306000000000750010407765000000000000125647101150306              0000000000000000000000000000000000000000000000007500000000000000000000000000001150306                         0000000000000000000000000                                             000013
102021974950001161584870000003760                             82000035330      000                        1421140306                              100306000000000750010407765000000000000125647101150306              0000000000000000000000000000000000000000000000007500000000000000000000000000001150306                         0000000000000000000000000                                             000014
102021974950001161584870000003760                             82000035348      000                        1421140306                              100306000000000750010407765000000000000125647101150306              0000000000000000000000000000000000000000000000007500000000000000000000000000001150306                         0000000000000000000000000                                             000015
102021974950001161584870000003760                             82000035372      000                        1421140306                              100306000000000750010407765000000000000125647101150306              0000000000000000000000000000000000000000000000007500000000000000000000000000001150306                         0000000000000000000000000                                             000016
102021974950001161584870000003760                             82000035399      000                        1421140306                              100306000000000750010407765000000000000125647101150306              0000000000000000000000000000000000000000000000007500000000000000000000000000001150306                         0000000000000000000000000                                             000017
102021974950001161584870000003760                             82000035437      000                        1421140306                              100306000000000750010407765000000000000125647101150306              0000000000000000000000000000000000000000000000007500000000000000000000000000001150306                         0000000000000000000000000                                             000018
102021974950001161584870000003760                             82000035445      000                        1421140306                              100306000000000750010407765000000000000125647101150306              0000000000000000000000000000000000000000000000007500000000000000000000000000001150306                         0000000000000000000000000                                             000019
102021974950001161584870000003760                             82000035534      000                        1421140306                              100306000000000750010407765000000000000125647101150306              0000000000000000000000000000000000000000000000007500000000000000000000000000001150306                         0000000000000000000000000                                             000020
102021974950001161584870000003760                             82000035640      000                        1421140306                              100306000000000750010407765000000000000125647101150306              0000000000000000000000000000000000000000000000007500000000000000000000000000001150306                         0000000000000000000000000                                             000021
102021974950001161584870000003760                             82000035992      000                        1421140306                              000000000000000860039928996000000000000270663101150306              0000000000000000000000000000000000000000000000008600000000000000000000000000001150306                         0000000000000000000000000                                             000022
102021974950001161584870000003760                             82000036883      000                        1421140306                              200306000000000860006500016000000000000270663101150306              0000000000000000000000000000000000000000000000008600000000000000000000000000001150306                         0000000000000000000000000                                             000023
102021974950001161584870000003760                             82000037812      000                        1421140306                              300306000000000860010430171000000000000240655100140306              0000000000000000000000000000000000000000000000008600000000000000000000000000001140306                         0000000000000000000000000                                             000024
102021974950001161584870000003760                             82000037936      000                        1421140306                              300306000000000750010412424000000000000125647101150306              0000000000000000000000000000000000000000000000007500000000000000000000000000001150306                         0000000000000000000000000                                             000025
102021974950001161584870000003760                             82040113161      000                        1421140306                              100306000000000430010400523000000000000125647101150306              0000000000000000000000000000000000000000000000004403000000000010300000000000001150306                         0000000000000000000000000                                             000026
102021974950001161584870000003760                             82040239165      000                        1421140306                              100306000000013760010400523000000000000240655100140306              0000000000000000000000000000000000000000000000140408000000000280800000000000001140306                         0000000000000000000000000                                             000027
102021974950001161584870000003760                             82040321163      000                        1421140306                              100306000000000360010400523000000000000125647101150306              0000000000000000000000000000000000000000000000003688000000000008800000000000001150306                         0000000000000000000000000                                             000028
102021974950001161584870000003760                             82040504144      000                        1421140306                              100106000000000860010400523000000000000240655100140306              0000000000000000000000000000000000000000000000008835000000000023500000000000001140306                         0000000000000000000000000                                             000029
102021974950001161584870000003760                             82040504152      000                        1421140306                              100206000000000860010400523000000000000240655100140306              0000000000000000000000000000000000000000000000008804000000000020400000000000001140306                         0000000000000000000000000                                             000030
102021974950001161584870000003760                             82040605161      000                        1421140306                              100306000000000860010400523000000000000125647101150306              0000000000000000000000000000000000000000000000008806000000000020600000000000001150306                         0000000000000000000000000                                             000031
102021974950001161584870000003760                             82050209161      000                        1421140306                              100306000000000400010400531000000000000240655100140306              0000000000000000000000000000000000000000000000004020000000000002000000000000001140306                         0000000000000000000000000                                             000032
102021974950001161584870000003760                             82050310164      000                        1421140306                              100306000000000860010410383000000000000125647101150306              0000000000000000000000000000000000000000000000008804000000000020400000000000001150306                         0000000000000000000000000                                             000033
102021974950001161584870000003760                             82050316162      000                        1421140306                              100306000000000860010427782000000000000125647101150306              0000000000000000000000000000000000000000000000008806000000000020600000000000001150306                         0000000000000000000000000                                             000034
102021974950001161584870000003760                             82060107175      000                        1421140306                              150306000000000860010430171000000000000125647101150306              0000000000000000000000000000000000000000000000008600000000000000000000000000001150306                         0000000000000000000000000                                             000035
102021974950001161584870000003760                             82060118177      000                        1421140306                              150306000000000860075641796000000000000270663101150306              0000000000000000000000000000000000000000000000008600000000000000000000000000001150306                         0000000000000000000000000                                             000036
102021974950001161584870000003760                             82060240150      000                        1421140306                              150306000000000860075641796000000000000270663101150306              0000000000000000000000000000000000000000000000008600000000000000000000000000001150306                         0000000000000000000000000                                             000037
102021974950001161584870000003760                             82060309150      000                        1421140306                              150306000000000860006500016000000000000270663101150306              0000000000000000000000000000000000000000000000008600000000000000000000000000001150306                         0000000000000000000000000                                             000038
102021974950001161584870000003760                             82060325148      000                        1421140306                              150206000000000860010408761000000000000125647101150306              0000000000000000000000000000000000000000000000009004000000000040400000000000001150306                         0000000000000000000000000                                             000039
102021974950001161584870000003760                             82060326152      000                        1421140306                              150306000000000860010408761000000000000125647101150306              0000000000000000000000000000000000000000000000008600000000000000000000000000001150306                         0000000000000000000000000                                             000040
102021974950001161584870000003760                             82070222163      000                        1421140306                              100306000000000860010409172000000000000125647101150306              0000000000000000000000000000000000000000000000008805000000000020500000000000001150306                         0000000000000000000000000                                             000041
102021974950001161584870000003760                             82070224158      000                        1421140306                              100206000000000860010406785000000000000125647101150306              0000000000000000000000000000000000000000000000009047000000000044700000000000001150306                         0000000000000000000000000                                             000042
102021974950001161584870000003760                             82070410164      000                        1421140306                              000000000000000860040975226000000000000270663101150306              0000000000000000000000000000000000000000000000008600000000000000000000000000001150306                         0000000000000000000000000                                             000043
102021974950001161584870000003760                             82070421166      000                        1421140306                              150306000000000860075641796000000000000270663101150306              0000000000000000000000000000000000000000000000008600000000000000000000000000001150306                         0000000000000000000000000                                             000044
102021974950001161584870000003760                             82090109168      000                        1421140306                              100306000000000750010400540000000000000125647101150306              0000000000000000000000000000000000000000000000007680000000000018000000000000001150306                         0000000000000000000000000                                             000045
102021974950001161584870000003760                             82090112150      000                        1421140306                              100206000000000750010400540000000000000125647101150306              0000000000000000000000000000000000000000000000007890000000000039000000000000001150306                         0000000000000000000000000                                             000046
102021974950001161584870000003760                             82090206147      000                        1421140306                              100106000000000750010412424000000000000125647101150306              0000000000000000000000000000000000000000000000008091000000000059100000000000001150306                         0000000000000000000000000                                             000047
102021974950001161584870000003760                             82090402167      000                        1421140306                              100306000000000750010400540000000000000125647101150306              0000000000000000000000000000000000000000000000007678000000000017800000000000001150306                         0000000000000000000000000                                             000048
102021974950001161584870000003760                             82090816140      000                        1421140306                              100306000000000450010408770000000000000125647101150306              0000000000000000000000000000000000000000000000004594000000000009400000000000001150306                         0000000000000000000000000                                             000049
102021974950001161584870000003760                             82090836140      000                        1421140306                              100306000000010500010408770000000000000240655100140306              0000000000000000000000000000000000000000000000107520000000000252000000000000001140306                         0000000000000000000000000                                             000050
102021974950001161584870000003760                             82091038167      000                        1421140306                              100306000000000750010408770000000000000125647101150306              0000000000000000000000000000000000000000000000007680000000000018000000000000001150306                         0000000000000000000000000                                             000051
102021974950001161584870000003760                             82110121150      000                        1421140306                              100306000000000750010407765000000000000125647101150306              0000000000000000000000000000000000000000000000007680000000000018000000000000001150306                         0000000000000000000000000                                             000052
102021974950001161584870000003760                             82110125155      000                        1421140306                              100306000000000750010407765000000000000125647101150306              0000000000000000000000000000000000000000000000007700000000000020000000000000001150306                         0000000000000000000000000                                             000053
102021974950001161584870000003760                             82130106172      000                        1421140306                              100306000000000860010409148000000000000125647101150306              0000000000000000000000000000000000000000000000008806000000000020600000000000001150306                         0000000000000000000000000                                             000054
9201104                                                                                                                                                                                                                                                                                                                                                                                                   000055
