02RETORNO01COBRANCA       1584870000003760    IPAD                          104C ECON FEDERAL 140806                                                                                                                                                                                                                                                                                                 00266000001
102021974950001161584870000003760                             82000046200      000                        1421140806                              000000000000000760039928996000000000000270663101150806              0000000000000000000000000000000000000000000000007600000000000000000000000000001150806                         0000000000000000000000000                                             000002
102021974950001161584870000003760                             82000046250      000                        1421140806                              000000000000000760023721166000000000000270663101150806              0000000000000000000000000000000000000000000000007600000000000000000000000000001150806                         0000000000000000000000000                                             000003
102021974950001161584870000003760                             82000046285      000                        1421140806                              000000000000000760010421245000000000000125647101150806              0000000000000000000000000000000000000000000000007600000000000000000000000000001150806                         0000000000000000000000000                                             000004
102021974950001161584870000003760                             82000046420      000                        1421140806                              000000000000000760010421245000000000000125647101150806              0000000000000000000000000000000000000000000000007600000000000000000000000000001150806                         0000000000000000000000000                                             000005
102021974950001161584870000003760                             82000046773      000                        1421140806                              000000000000000760007347476000000000000270663101150806              0000000000000000000000000000000000000000000000007600000000000000000000000000001150806                         0000000000000000000000000                                             000006
102021974950001161584870000003760                             82000046781      000                        1421140806                              000000000000000760039928996000000000000270663101150806              0000000000000000000000000000000000000000000000007600000000000000000000000000001150806                         0000000000000000000000000                                             000007
102021974950001161584870000003760                             82000046790      000                        1421140806                              000000000000000760010421245000000000000125647101150806              0000000000000000000000000000000000000000000000007600000000000000000000000000001150806                         0000000000000000000000000                                             000008
102021974950001161584870000003760                             82000046811      000                        1421140806                              000000000000000760039928996000000000000270663101150806              0000000000000000000000000000000000000000000000007600000000000000000000000000001150806                         0000000000000000000000000                                             000009
102021974950001161584870000003760                             82000046820      000                        1421140806                              000000000000000760010421245000000000000240655100140806              0000000000000000000000000000000000000000000000007600000000000000000000000000001140806                         0000000000000000000000000                                             000010
102021974950001161584870000003760                             82000046846      000                        1421140806                              000000000000000760010421245000000000000125647101150806              0000000000000000000000000000000000000000000000007600000000000000000000000000001150806                         0000000000000000000000000                                             000011
102021974950001161584870000003760                             82000046900      000                        1421140806                              000000000000000760039928996000000000000270663101150806              0000000000000000000000000000000000000000000000007600000000000000000000000000001150806                         0000000000000000000000000                                             000012
102021974950001161584870000003760                             82000046919      000                        1421140806                              000000000000000760010421245000000000000240655100140806              0000000000000000000000000000000000000000000000007600000000000000000000000000001140806                         0000000000000000000000000                                             000013
102021974950001161584870000003760                             82000046927      000                        1421140806                              000000000000000760010421245000000000000125647101150806              0000000000000000000000000000000000000000000000007600000000000000000000000000001150806                         0000000000000000000000000                                             000014
102021974950001161584870000003760                             82000047060      000                        1421140806                              000000000000000760039928996000000000000270663101150806              0000000000000000000000000000000000000000000000007600000000000000000000000000001150806                         0000000000000000000000000                                             000015
102021974950001161584870000003760                             82010311127      000                        1421140806                              100706000000000660010409148000000000000125647101150806              0000000000000000000000000000000000000000000000006755000000000015500000000000001150806                         0000000000000000000000000                                             000016
102021974950001161584870000003760                             82030205136      000                        1421140806                              100806000000000760010409156000000000000125647101150806              0000000000000000000000000000000000000000000000007767000000000016700000000000001150806                         0000000000000000000000000                                             000017
102021974950001161584870000003760                             82030234136      000                        1421140806                              100806000000000760010409156000000000000125647101150806              0000000000000000000000000000000000000000000000007784000000000018400000000000001150806                         0000000000000000000000000                                             000018
102021974950001161584870000003760                             82030333142      000                        1421140806                              100806000000000860010409156000000000000125647101150806              0000000000000000000000000000000000000000000000008804000000000020400000000000001150806                         0000000000000000000000000                                             000019
102021974950001161584870000003760                             82030418156      000                        1421140806                              100806000000000760010407757000000000000125647101150806              0000000000000000000000000000000000000000000000007780000000000018000000000000001150806                         0000000000000000000000000                                             000020
102021974950001161584870000003760                             82030501126      000                        1421140806                              150806000000000760010409156000000000000125620101150806              0000000000000000000000000000000000000000000000007600000000000000000000000000001150806                         0000000000000000000000000                                             000021
102021974950001161584870000003760                             82030502122      000                        1421140806                              150806000000000760010409156000000000000125620101150806              0000000000000000000000000000000000000000000000007600000000000000000000000000001150806                         0000000000000000000000000                                             000022
102021974950001161584870000003760                             82030503129      000                        1421140806                              150806000000000760000121336000000000000270663101150806              0000000000000000000000000000000000000000000000007600000000000000000000000000001150806                         0000000000000000000000000                                             000023
102021974950001161584870000003760                             82030527117      000                        1421140806                              150706000000000760010409156000000000000240655100140806              0000000000000000000000000000000000000000000000007980000000000038000000000000001140806                         0000000000000000000000000                                             000024
102021974950001161584870000003760                             82030553126      000                        1421140806                              150806000000000760000127026000000000000270663101150806              0000000000000000000000000000000000000000000000007600000000000000000000000000001150806                         0000000000000000000000000                                             000025
102021974950001161584870000003760                             82030906126      000                        1421140806                              100806000000000760010407757000000000000125647101150806              0000000000000000000000000000000000000000000000007784000000000018400000000000001150806                         0000000000000000000000000                                             000026
102021974950001161584870000003760                             82030927123      000                        1421140806                              100806000000000760010407757000000000000125647101150806              0000000000000000000000000000000000000000000000007784000000000018400000000000001150806                         0000000000000000000000000                                             000027
102021974950001161584870000003760                             82060401111      000                        1421140806                              100706000000000760010408761000000000000125647101150806              0000000000000000000000000000000000000000000000008018000000000041800000000000001150806                         0000000000000000000000000                                             000028
102021974950001161584870000003760                             82060409120      000                        1421140806                              100806000000000760010408761000000000000240655100140806              0000000000000000000000000000000000000000000000007780000000000018000000000000001140806                         0000000000000000000000000                                             000029
102021974950001161584870000003760                             82060507122      000                        1421140806                              100806000000000760010400485000000000000125647101150806              0000000000000000000000000000000000000000000000007768000000000016800000000000001150806                         0000000000000000000000000                                             000030
102021974950001161584870000003760                             82060603156      000                        1421140806                              150806000000000750010412424000000000000125647101150806              0000000000000000000000000000000000000000000000007500000000000000000000000000001150806                         0000000000000000000000000                                             000031
102021974950001161584870000003760                             82060617149      000                        1421140806                              150706000000000750010412424000000000000125647101150806              0000000000000000000000000000000000000000000000007860000000000036000000000000001150806                         0000000000000000000000000                                             000032
102021974950001161584870000003760                             82060706150      000                        1421140806                              150806000000000860010400485000000000000125647101150806              0000000000000000000000000000000000000000000000008600000000000000000000000000001150806                         0000000000000000000000000                                             000033
102021974950001161584870000003760                             82060713156      000                        1421140806                              150806000000000860040908206000000000000270663101150806              0000000000000000000000000000000000000000000000008600000000000000000000000000001150806                         0000000000000000000000000                                             000034
102021974950001161584870000003760                             82070633147      000                        1421140806                              210806000000000760006500016000000000000270663101150806              0000000000000000000000000000000000000000000000007600000000000000000000000000001150806                         0000000000000000000000000                                             000035
102021974950001161584870000003760                             82070710125      000                        1421140806                              200806000000000760006500016000000000000270663101150806              0000000000000000000000000000000000000000000000007600000000000000000000000000001150806                         0000000000000000000000000                                             000036
9201104                                                                                                                                                                                                                                                                                                                                                                                                   000037
