02RETORNO01COBRANCA       1584870000003760    IPAD                          104C ECON FEDERAL 140206                                                                                                                                                                                                                                                                                                 00143000001
102021974950001161584870000003760                             82000033620      000                        1421140206                              050306000000000750074500016000000000000270663101150206              0000000000000000000000000000000000000000000000007500000000000000000000000000001150206                         0000000000000000000000000                                             000002
102021974950001161584870000003760                             82000033639      000                        1421140206                              050306000000000750010412424000000000000125647101150206              0000000000000000000000000000000000000000000000007500000000000000000000000000001150206                         0000000000000000000000000                                             000003
102021974950001161584870000003760                             82010128144      000                        1421140206                              100206000000000750010414338000000000000125647101150206              0000000000000000000000000000000000000000000000007680000000000018000000000000001150206                         0000000000000000000000000                                             000004
102021974950001161584870000003760                             82040124155      000                        1421140206                              100206000000000430010400523000000000000125647101150206              0000000000000000000000000000000000000000000000004402000000000010200000000000001150206                         0000000000000000000000000                                             000005
102021974950001161584870000003760                             82040427158      000                        1421140206                              100206000000000860010400523000000000000125647101150206              0000000000000000000000000000000000000000000000008776000000000017600000000000001150206                         0000000000000000000000000                                             000006
102021974950001161584870000003760                             82040505159      000                        1421140206                              100206000000000860010400523000000000000125647101150206              0000000000000000000000000000000000000000000000008700000000000010000000000000001150206                         0000000000000000000000000                                             000007
102021974950001161584870000003760                             82050301130      000                        1421140206                              101205000000000860010427782000000000000125647101150206              0000000000000000000000000000000000000000000000009340000000000074000000000000001150206                         0000000000000000000000000                                             000008
102021974950001161584870000003760                             82050301149      000                        1421140206                              100106000000000860010427782000000000000125647101150206              0000000000000000000000000000000000000000000000009073000000000047300000000000001150206                         0000000000000000000000000                                             000009
102021974950001161584870000003760                             82060102165      000                        1421140206                              150206000000000860010406483000000000000125647101150206              0000000000000000000000000000000000000000000000008600000000000000000000000000001150206                         0000000000000000000000000                                             000010
102021974950001161584870000003760                             82060111164      000                        1421140206                              150206000000000860010400507000000000000240655100140206              0000000000000000000000000000000000000000000000008600000000000000000000000000001140206                         0000000000000000000000000                                             000011
102021974950001161584870000003760                             82060115160      000                        1421140206                              150206000000000860010430171000000000000125647101150206              0000000000000000000000000000000000000000000000008600000000000000000000000000001150206                         0000000000000000000000000                                             000012
102021974950001161584870000003760                             82060226140      000                        1421140206                              100206000000000860010421911000000000000125647101150206              0000000000000000000000000000000000000000000000008806000000000020600000000000001150206                         0000000000000000000000000                                             000013
102021974950001161584870000003760                             82060307140      000                        1421140206                              000000000000000860039928996000000000000270663101150206              0000000000000000000000000000000000000000000000008600000000000000000000000000001150206                         0000000000000000000000000                                             000014
102021974950001161584870000003760                             82060310140      000                        1421140206                              150206000000000860006500016000000000000270663101150206              0000000000000000000000000000000000000000000000008600000000000000000000000000001150206                         0000000000000000000000000                                             000015
102021974950001161584870000003760                             82060326144      000                        1421140206                              150206000000000860010408761000000000000125647101150206              0000000000000000000000000000000000000000000000008600000000000000000000000000001150206                         0000000000000000000000000                                             000016
102021974950001161584870000003760                             82070102150      000                        1421140206                              100206000000000860010409172000000000000240655100140206              0000000000000000000000000000000000000000000000008798000000000019800000000000001140206                         0000000000000000000000000                                             000017
102021974950001161584870000003760                             82070419153      000                        1421140206                              000000000000000860040975226000000000000270663101150206              0000000000000000000000000000000000000000000000008600000000000000000000000000001150206                         0000000000000000000000000                                             000018
102021974950001161584870000003760                             82070522159      000                        1421140206                              150206000000000860010400493000000000000125647101150206              0000000000000000000000000000000000000000000000008600000000000000000000000000001150206                         0000000000000000000000000                                             000019
102021974950001161584870000003760                             82070528157      000                        1421140206                              000000000000000860040975226000000000000270663101150206              0000000000000000000000000000000000000000000000008600000000000000000000000000001150206                         0000000000000000000000000                                             000020
102021974950001161584870000003760                             82090132151      000                        1421140206                              100206000000000750010400540000000000000125647101150206              0000000000000000000000000000000000000000000000007680000000000018000000000000001150206                         0000000000000000000000000                                             000021
102021974950001161584870000003760                             82090216142      000                        1421140206                              100106000000000750010412424000000000000125647101150206              0000000000000000000000000000000000000000000000007915000000000041500000000000001150206                         0000000000000000000000000                                             000022
102021974950001161584870000003760                             82090402159      000                        1421140206                              100206000000000750010400540000000000000125647101150206              0000000000000000000000000000000000000000000000007678000000000017800000000000001150206                         0000000000000000000000000                                             000023
102021974950001161584870000003760                             82090408149      000                        1421140206                              100106000000000750010400540000000000000125647101150206              0000000000000000000000000000000000000000000000007912000000000041200000000000001150206                         0000000000000000000000000                                             000024
102021974950001161584870000003760                             82090523142      000                        1421140206                              100106000000000375010408770000000000000125647101150206              0000000000000000000000000000000000000000000000003962000000000021200000000000001150206                         0000000000000000000000000                                             000025
102021974950001161584870000003760                             82090527148      000                        1421140206                              100106000000008250010408770000000000000240655100140206              0000000000000000000000000000000000000000000000086938000000000443800000000000001140206                         0000000000000000000000000                                             000026
102021974950001161584870000003760                             82090527156      000                        1421140206                              100206000000008250010408770000000000000240655100140206              0000000000000000000000000000000000000000000000084396000000000189600000000000001140206                         0000000000000000000000000                                             000027
102021974950001161584870000003760                             82090802122      000                        1421140206                              150106000000000450010408770000000000000125647101150206              0000000000000000000000000000000000000000000000004620000000000012000000000000001150206                         0000000000000000000000000                                             000028
102021974950001161584870000003760                             82090802130      000                        1421140206                              100206000000000450010408770000000000000125647101150206              0000000000000000000000000000000000000000000000004594000000000009400000000000001150206                         0000000000000000000000000                                             000029
102021974950001161584870000003760                             82091021159      000                        1421140206                              100206000000000750010408770000000000000125647101150206              0000000000000000000000000000000000000000000000007678000000000017800000000000001150206                         0000000000000000000000000                                             000030
102021974950001161584870000003760                             82091029150      000                        1421140206                              100206000000000375010408770000000000000125647101150206              0000000000000000000000000000000000000000000000003840000000000009000000000000001150206                         0000000000000000000000000                                             000031
102021974950001161584870000003760                             82091107150      000                        1421140206                              100206000000000750010408770000000000000125647101150206              0000000000000000000000000000000000000000000000007680000000000018000000000000001150206                         0000000000000000000000000                                             000032
102021974950001161584870000003760                             82110109141      000                        1421140206                              100206000000000750010407765000000000000125647101150206              0000000000000000000000000000000000000000000000007653000000000015300000000000001150206                         0000000000000000000000000                                             000033
102021974950001161584870000003760                             82110401144      000                        1421140206                              000000000000000750023716956000000000000270663101150206              0000000000000000000000000000000000000000000000007500000000000000000000000000001150206                         0000000000000000000000000                                             000034
9201104                                                                                                                                                                                                                                                                                                                                                                                                   000035
