02RETORNO01COBRANCA       1584870000003760    IPAD                          104C ECON FEDERAL 141205                                                                                                                                                                                                                                                                                                 00100000001
102021974950001161584870000003760                             82010103125      000                        1421141205                              101205000000000750010414338000000000000240655100141205              0000000000000000000000000000000000000000000000007500000000000000000000000000001141205                         0000000000000000000000000                                             000002
102021974950001161584870000003760                             82030105123      000                        1421141205                              101205000000000750010424465000000000000125647101151205              0000000000000000000000000000000000000000000000007678000000000017800000000000001151205                         0000000000000000000000000                                             000003
102021974950001161584870000003760                             82040303130      000                        1421141205                              151205000000000360023732126000000000000270663101151205              0000000000000000000000000000000000000000000000003600000000000000000000000000001151205                         0000000000000000000000000                                             000004
102021974950001161584870000003760                             82040308132      000                        1421141205                              151205000000000360010400523000000000000125647101151205              0000000000000000000000000000000000000000000000003600000000000000000000000000001151205                         0000000000000000000000000                                             000005
102021974950001161584870000003760                             82040329130      000                        1421141205                              151205000000000360000117326000000000000270663101151205              0000000000000000000000000000000000000000000000003600000000000000000000000000001151205                         0000000000000000000000000                                             000006
102021974950001161584870000003760                             82040603134      000                        1421141205                              151205000000000360010400523000000000000125647101151205              0000000000000000000000000000000000000000000000003600000000000000000000000000001151205                         0000000000000000000000000                                             000007
102021974950001161584870000003760                             82040632126      000                        1421141205                              101205000000000860010400523000000000000125647101151205              0000000000000000000000000000000000000000000000008804000000000020400000000000001151205                         0000000000000000000000000                                             000008
102021974950001161584870000003760                             82040632134      000                        1421141205                              101205000000000860010400523000000000000125647101151205              0000000000000000000000000000000000000000000000008804000000000020400000000000001151205                         0000000000000000000000000                                             000009
102021974950001161584870000003760                             82060115143      000                        1421141205                              151205000000000860010430171000000000000125647101151205              0000000000000000000000000000000000000000000000008600000000000000000000000000001151205                         0000000000000000000000000                                             000010
102021974950001161584870000003760                             82060148149      000                        1421141205                              151205000000000860010430171000000000000125647101151205              0000000000000000000000000000000000000000000000008600000000000000000000000000001151205                         0000000000000000000000000                                             000011
102021974950001161584870000003760                             82060202127      000                        1421141205                              101205000000000860010421911000000000000125647101151205              0000000000000000000000000000000000000000000000008804000000000020400000000000001151205                         0000000000000000000000000                                             000012
102021974950001161584870000003760                             82060215121      000                        1421141205                              101205000000000860010421911000000000000240655100141205              0000000000000000000000000000000000000000000000008807000000000020700000000000001141205                         0000000000000000000000000                                             000013
102021974950001161584870000003760                             82060226123      000                        1421141205                              101205000000000860010421911000000000000125647101151205              0000000000000000000000000000000000000000000000008804000000000020400000000000001151205                         0000000000000000000000000                                             000014
102021974950001161584870000003760                             82060237125      000                        1421141205                              101205000000000860010421911000000000000125647101151205              0000000000000000000000000000000000000000000000008804000000000020400000000000001151205                         0000000000000000000000000                                             000015
102021974950001161584870000003760                             82060304124      000                        1421141205                              151205000000000860010430171000000000000125647101151205              0000000000000000000000000000000000000000000000008600000000000000000000000000001151205                         0000000000000000000000000                                             000016
102021974950001161584870000003760                             82060310124      000                        1421141205                              151205000000000860010408761000000000000125647101151205              0000000000000000000000000000000000000000000000008600000000000000000000000000001151205                         0000000000000000000000000                                             000017
102021974950001161584870000003760                             82060317129      000                        1421141205                              151205000000000860075641796000000000000270663101151205              0000000000000000000000000000000000000000000000008600000000000000000000000000001151205                         0000000000000000000000000                                             000018
102021974950001161584870000003760                             82060326128      000                        1421141205                              151205000000000860010408761000000000000125647101151205              0000000000000000000000000000000000000000000000008600000000000000000000000000001151205                         0000000000000000000000000                                             000019
102021974950001161584870000003760                             82070206133      000                        1421141205                              101205000000000860010410286000000000000240655100141205              0000000000000000000000000000000000000000000000008806000000000020600000000000001141205                         0000000000000000000000000                                             000020
102021974950001161584870000003760                             82070303139      000                        1421141205                              000000000000000860040975226000000000000270663101151205              0000000000000000000000000000000000000000000000008600000000000000000000000000001151205                         0000000000000000000000000                                             000021
102021974950001161584870000003760                             82070402137      000                        1421141205                              151205000000000860006500016000000000000270663101151205              0000000000000000000000000000000000000000000000008600000000000000000000000000001151205                         0000000000000000000000000                                             000022
102021974950001161584870000003760                             82070404130      000                        1421141205                              000000000000000860040975226000000000000270663101151205              0000000000000000000000000000000000000000000000008600000000000000000000000000001151205                         0000000000000000000000000                                             000023
102021974950001161584870000003760                             82070417134      000                        1421141205                              151205000000000860010400485000000000000125647101151205              0000000000000000000000000000000000000000000000008600000000000000000000000000001151205                         0000000000000000000000000                                             000024
102021974950001161584870000003760                             82070504134      000                        1421141205                              151205000000000860010412947000000000000240655100141205              0000000000000000000000000000000000000000000000008600000000000000000000000000001141205                         0000000000000000000000000                                             000025
102021974950001161584870000003760                             82070518135      000                        1421141205                              000000000000000860040975226000000000000270663101151205              0000000000000000000000000000000000000000000000008600000000000000000000000000001151205                         0000000000000000000000000                                             000026
102021974950001161584870000003760                             82070525123      000                        1421141205                              151105000000000860010415814000000000000125647101151205              0000000000000000000000000000000000000000000000009021000000000042100000000000001151205                         0000000000000000000000000                                             000027
102021974950001161584870000003760                             82070528130      000                        1421141205                              000000000000000860040975226000000000000270663101151205              0000000000000000000000000000000000000000000000008600000000000000000000000000001151205                         0000000000000000000000000                                             000028
102021974950001161584870000003760                             82090208131      000                        1421141205                              101205000000000750010412424000000000000125647101151205              0000000000000000000000000000000000000000000000007680000000000018000000000000001151205                         0000000000000000000000000                                             000029
102021974950001161584870000003760                             82090221120      000                        1421141205                              251105000000000640010400540000000000000125647101151205              0000000000000000000000000000000000000000000000006649000000000024900000000000001151205                         0000000000000000000000000                                             000030
102021974950001161584870000003760                             82090404135      000                        1421141205                              101205000000000750010400540000000000000125647101151205              0000000000000000000000000000000000000000000000007680000000000018000000000000001151205                         0000000000000000000000000                                             000031
102021974950001161584870000003760                             82090416133      000                        1421141205                              101205000000000750010412424000000000000125647101151205              0000000000000000000000000000000000000000000000007680000000000018000000000000001151205                         0000000000000000000000000                                             000032
102021974950001161584870000003760                             82090425132      000                        1421141205                              101205000000000750010400540000000000000240655100141205              0000000000000000000000000000000000000000000000007678000000000017800000000000001141205                         0000000000000000000000000                                             000033
102021974950001161584870000003760                             82090433135      000                        1421141205                              101205000000000750010400540000000000000125647101151205              0000000000000000000000000000000000000000000000007680000000000018000000000000001151205                         0000000000000000000000000                                             000034
102021974950001161584870000003760                             82090727120      000                        1421141205                              101105000000000750010408770000000000000125647101151205              0000000000000000000000000000000000000000000000007958000000000045800000000000001151205                         0000000000000000000000000                                             000035
102021974950001161584870000003760                             82091203133      000                        1421141205                              101205000000000750010400540000000000000125647101151205              0000000000000000000000000000000000000000000000007666000000000016600000000000001151205                         0000000000000000000000000                                             000036
102021974950001161584870000003760                             82091212132      000                        1421141205                              101205000000000750010400540000000000000125647101151205              0000000000000000000000000000000000000000000000007678000000000017800000000000001151205                         0000000000000000000000000                                             000037
102021974950001161584870000003760                             82110121125      000                        1421141205                              101205000000000750010407765000000000000125647101151205              0000000000000000000000000000000000000000000000007680000000000018000000000000001151205                         0000000000000000000000000                                             000038
102021974950001161584870000003760                             82110126127      000                        1421141205                              101205000000000750010407765000000000000125647101151205              0000000000000000000000000000000000000000000000007680000000000018000000000000001151205                         0000000000000000000000000                                             000039
102021974950001161584870000003760                             82130204131      000                        1421141205                              101105000000000860010409148000000000000125647101151205              0000000000000000000000000000000000000000000000009064000000000046400000000000001151205                         0000000000000000000000000                                             000040
9201104                                                                                                                                                                                                                                                                                                                                                                                                   000041
