02RETORNO01COBRANCA       1584870000003760    IPAD                          104C ECON FEDERAL 091105                                                                                                                                                                                                                                                                                                 00076000001
102021974950001161584870000003760                             82040110120      000                        1421091105                              101105000000000430075641796000000000000270663101101105              0000000000000000000000000000000000000000000000004300000000000000000000000000001101105                         0000000000000000000000000                                             000002
102021974950001161584870000003760                             82040114125      000                        1421091105                              101105000000000430000110126000000000000270663101101105              0000000000000000000000000000000000000000000000004300000000000000000000000000001101105                         0000000000000000000000000                                             000003
102021974950001161584870000003760                             82040130120      000                        1421091105                              101105000000000430000110126000000000000270663101101105              0000000000000000000000000000000000000000000000004300000000000000000000000000001101105                         0000000000000000000000000                                             000004
102021974950001161584870000003760                             82040208120      000                        1421091105                              101105000000000430010400523000000000000125647101101105              0000000000000000000000000000000000000000000000004300000000000000000000000000001101105                         0000000000000000000000000                                             000005
102021974950001161584870000003760                             82040218125      000                        1421091105                              101105000000000430006500016000000000000270663101101105              0000000000000000000000000000000000000000000000004300000000000000000000000000001101105                         0000000000000000000000000                                             000006
102021974950001161584870000003760                             82040219121      000                        1421091105                              101105000000000430010400523000000000000125647101101105              0000000000000000000000000000000000000000000000004300000000000000000000000000001101105                         0000000000000000000000000                                             000007
102021974950001161584870000003760                             82040222122      000                        1421091105                              101105000000000430010400523000000000000125647101101105              0000000000000000000000000000000000000000000000004300000000000000000000000000001101105                         0000000000000000000000000                                             000008
102021974950001161584870000003760                             82040231121      000                        1421091105                              101105000000000430010400523000000000000125647101101105              0000000000000000000000000000000000000000000000004300000000000000000000000000001101105                         0000000000000000000000000                                             000009
102021974950001161584870000003760                             82040234120      000                        1421091105                              101105000000000430006500016000000000000270663101101105              0000000000000000000000000000000000000000000000004300000000000000000000000000001101105                         0000000000000000000000000                                             000010
102021974950001161584870000003760                             82040408129      000                        1421091105                              101105000000000860075641796000000000000270663101101105              0000000000000000000000000000000000000000000000008600000000000000000000000000001101105                         0000000000000000000000000                                             000011
102021974950001161584870000003760                             82040421125      000                        1421091105                              101105000000000860000125646000000000000270663101101105              0000000000000000000000000000000000000000000000008600000000000000000000000000001101105                         0000000000000000000000000                                             000012
102021974950001161584870000003760                             82040502125      000                        1421091105                              101105000000000860006500016000000000000270663101101105              0000000000000000000000000000000000000000000000008600000000000000000000000000001101105                         0000000000000000000000000                                             000013
102021974950001161584870000003760                             82040522126      000                        1421091105                              101105000000000860010400523000000000000125647101101105              0000000000000000000000000000000000000000000000008600000000000000000000000000001101105                         0000000000000000000000000                                             000014
102021974950001161584870000003760                             82040526121      000                        1421091105                              101105000000000860075641796000000000000270663101101105              0000000000000000000000000000000000000000000000008600000000000000000000000000001101105                         0000000000000000000000000                                             000015
102021974950001161584870000003760                             82040534124      000                        1421091105                              101105000000000860075641796000000000000270663101101105              0000000000000000000000000000000000000000000000008600000000000000000000000000001101105                         0000000000000000000000000                                             000016
102021974950001161584870000003760                             82040604122      000                        1421091105                              101105000000000860075641796000000000000270663101101105              0000000000000000000000000000000000000000000000008600000000000000000000000000001101105                         0000000000000000000000000                                             000017
102021974950001161584870000003760                             82040606125      000                        1421091105                              101105000000000860006500016000000000000270663101101105              0000000000000000000000000000000000000000000000008600000000000000000000000000001101105                         0000000000000000000000000                                             000018
102021974950001161584870000003760                             82040611129      000                        1421091105                              101105000000000860010400523000000000000125620101101105              0000000000000000000000000000000000000000000000008600000000000000000000000000001101105                         0000000000000000000000000                                             000019
102021974950001161584870000003760                             82040615124      000                        1421091105                              101105000000000860075641796000000000000270663101101105              0000000000000000000000000000000000000000000000008600000000000000000000000000001101105                         0000000000000000000000000                                             000020
102021974950001161584870000003760                             82040617127      000                        1421091105                              101105000000000860010407730000000000000125647101101105              0000000000000000000000000000000000000000000000008600000000000000000000000000001101105                         0000000000000000000000000                                             000021
102021974950001161584870000003760                             82040701128      000                        1421091105                              101105000000000860007347476000000000000270663101101105              0000000000000000000000000000000000000000000000008600000000000000000000000000001101105                         0000000000000000000000000                                             000022
102021974950001161584870000003760                             82040711123      000                        1421091105                              101105000000000860010409164000000000000125647101101105              0000000000000000000000000000000000000000000000008600000000000000000000000000001101105                         0000000000000000000000000                                             000023
102021974950001161584870000003760                             82050101123      000                        1421091105                              101105000000000400010412955000000000000125647101101105              0000000000000000000000000000000000000000000000004000000000000000000000000000001101105                         0000000000000000000000000                                             000024
102021974950001161584870000003760                             82050104122      000                        1421091105                              101105000000000400006500016000000000000270663101101105              0000000000000000000000000000000000000000000000004000000000000000000000000000001101105                         0000000000000000000000000                                             000025
102021974950001161584870000003760                             82050110122      000                        1421091105                              101105000000000400006500016000000000000270663101101105              0000000000000000000000000000000000000000000000004000000000000000000000000000001101105                         0000000000000000000000000                                             000026
102021974950001161584870000003760                             82050112125      000                        1421091105                              101105000000000400006500016000000000000270663101101105              0000000000000000000000000000000000000000000000004000000000000000000000000000001101105                         0000000000000000000000000                                             000027
102021974950001161584870000003760                             82050120128      000                        1421091105                              101105000000000400006500016000000000000270663101101105              0000000000000000000000000000000000000000000000004000000000000000000000000000001101105                         0000000000000000000000000                                             000028
102021974950001161584870000003760                             82050123127      000                        1421091105                              101105000000000400006500016000000000000270663101101105              0000000000000000000000000000000000000000000000004000000000000000000000000000001101105                         0000000000000000000000000                                             000029
102021974950001161584870000003760                             82050128129      000                        1421091105                              101105000000000400006500016000000000000270663101101105              0000000000000000000000000000000000000000000000004000000000000000000000000000001101105                         0000000000000000000000000                                             000030
102021974950001161584870000003760                             82050129125      000                        1421091105                              101105000000000400010400531000000000000125647101101105              0000000000000000000000000000000000000000000000004000000000000000000000000000001101105                         0000000000000000000000000                                             000031
102021974950001161584870000003760                             82050136121      000                        1421091105                              101105000000000400006500016000000000000270663101101105              0000000000000000000000000000000000000000000000004000000000000000000000000000001101105                         0000000000000000000000000                                             000032
102021974950001161584870000003760                             82050203120      000                        1421091105                              101105000000000400006500016000000000000270663101101105              0000000000000000000000000000000000000000000000004000000000000000000000000000001101105                         0000000000000000000000000                                             000033
102021974950001161584870000003760                             82050210127      000                        1421091105                              101105000000000400006500016000000000000270663101101105              0000000000000000000000000000000000000000000000004000000000000000000000000000001101105                         0000000000000000000000000                                             000034
102021974950001161584870000003760                             82050211123      000                        1421091105                              101105000000000400006500016000000000000270663101101105              0000000000000000000000000000000000000000000000004000000000000000000000000000001101105                         0000000000000000000000000                                             000035
102021974950001161584870000003760                             82050213126      000                        1421091105                              101105000000000400006500016000000000000270663101101105              0000000000000000000000000000000000000000000000004000000000000000000000000000001101105                         0000000000000000000000000                                             000036
102021974950001161584870000003760                             82050224128      000                        1421091105                              101105000000000400010412955000000000000125647101101105              0000000000000000000000000000000000000000000000004000000000000000000000000000001101105                         0000000000000000000000000                                             000037
102021974950001161584870000003760                             82050225124      000                        1421091105                              101105000000000400075641796000000000000270663101101105              0000000000000000000000000000000000000000000000004000000000000000000000000000001101105                         0000000000000000000000000                                             000038
102021974950001161584870000003760                             82050227127      000                        1421091105                              101105000000000400006500016000000000000270663101101105              0000000000000000000000000000000000000000000000004000000000000000000000000000001101105                         0000000000000000000000000                                             000039
102021974950001161584870000003760                             82050230128      000                        1421091105                              101105000000000400006500016000000000000270663101101105              0000000000000000000000000000000000000000000000004000000000000000000000000000001101105                         0000000000000000000000000                                             000040
102021974950001161584870000003760                             82050230136      000                        1421091105                              101205000000000400006500016000000000000270663101101105              0000000000000000000000000000000000000000000000004000000000000000000000000000001101105                         0000000000000000000000000                                             000041
102021974950001161584870000003760                             82050231124      000                        1421091105                              101105000000000400006500016000000000000270663101101105              0000000000000000000000000000000000000000000000004000000000000000000000000000001101105                         0000000000000000000000000                                             000042
102021974950001161584870000003760                             82050306124      000                        1421091105                              101105000000000860000116666000000000000270663101101105              0000000000000000000000000000000000000000000000008600000000000000000000000000001101105                         0000000000000000000000000                                             000043
102021974950001161584870000003760                             82050312124      000                        1421091105                              101105000000000860010427782000000000000125647101101105              0000000000000000000000000000000000000000000000008600000000000000000000000000001101105                         0000000000000000000000000                                             000044
102021974950001161584870000003760                             82050313120      000                        1421091105                              101105000000000860000116666000000000000270663101101105              0000000000000000000000000000000000000000000000008600000000000000000000000000001101105                         0000000000000000000000000                                             000045
102021974950001161584870000003760                             82050314127      000                        1421091105                              101105000000000860010427782000000000000125647101101105              0000000000000000000000000000000000000000000000008600000000000000000000000000001101105                         0000000000000000000000000                                             000046
102021974950001161584870000003760                             82050316120      000                        1421091105                              101105000000000860006500016000000000000270663101101105              0000000000000000000000000000000000000000000000008600000000000000000000000000001101105                         0000000000000000000000000                                             000047
102021974950001161584870000003760                             82050323126      000                        1421091105                              101105000000000860010427782000000000000125647101101105              0000000000000000000000000000000000000000000000008600000000000000000000000000001101105                         0000000000000000000000000                                             000048
102021974950001161584870000003760                             82050326125      000                        1421091105                              101105000000000860000116666000000000000270663101101105              0000000000000000000000000000000000000000000000008600000000000000000000000000001101105                         0000000000000000000000000                                             000049
102021974950001161584870000003760                             82050327121      000                        1421091105                              101105000000000860006500016000000000000270663101101105              0000000000000000000000000000000000000000000000008600000000000000000000000000001101105                         0000000000000000000000000                                             000050
102021974950001161584870000003760                             82050329124      000                        1421091105                              101105000000000860000116666000000000000270663101101105              0000000000000000000000000000000000000000000000008600000000000000000000000000001101105                         0000000000000000000000000                                             000051
102021974950001161584870000003760                             82050332125      000                        1421091105                              101105000000000860006500016000000000000270663101101105              0000000000000000000000000000000000000000000000008600000000000000000000000000001101105                         0000000000000000000000000                                             000052
102021974950001161584870000003760                             82050333121      000                        1421091105                              101105000000000860010427782000000000000125647101101105              0000000000000000000000000000000000000000000000008600000000000000000000000000001101105                         0000000000000000000000000                                             000053
102021974950001161584870000003760                             82060104133      000                        1421091105                              151105000000000860010406483000000000000125647101101105              0000000000000000000000000000000000000000000000008600000000000000000000000000001101105                         0000000000000000000000000                                             000054
102021974950001161584870000003760                             82060140130      000                        1421091105                              151105000000000860006500016000000000000270663101101105              0000000000000000000000000000000000000000000000008600000000000000000000000000001101105                         0000000000000000000000000                                             000055
102021974950001161584870000003760                             82060144135      000                        1421091105                              151105000000000860075641796000000000000270663101101105              0000000000000000000000000000000000000000000000008600000000000000000000000000001101105                         0000000000000000000000000                                             000056
102021974950001161584870000003760                             82070102125      000                        1421091105                              101105000000000720035601326000000000000270663101101105              0000000000000000000000000000000000000000000000007200000000000000000000000000001101105                         0000000000000000000000000                                             000057
102021974950001161584870000003760                             82070104128      000                        1421091105                              101105000000000720075641796000000000000270663101101105              0000000000000000000000000000000000000000000000007200000000000000000000000000001101105                         0000000000000000000000000                                             000058
102021974950001161584870000003760                             82070114123      000                        1421091105                              101105000000000860002410156000000000000270663101101105              0000000000000000000000000000000000000000000000008600000000000000000000000000001101105                         0000000000000000000000000                                             000059
102021974950001161584870000003760                             82070115120      000                        1421091105                              101105000000000720000103256000000000000270663101101105              0000000000000000000000000000000000000000000000007200000000000000000000000000001101105                         0000000000000000000000000                                             000060
102021974950001161584870000003760                             82070123122      000                        1421091105                              101105000000000860010400450000000000000125647101101105              0000000000000000000000000000000000000000000000008600000000000000000000000000001101105                         0000000000000000000000000                                             000061
102021974950001161584870000003760                             82070203126      000                        1421091105                              101105000000000860010409440000000000000125647101101105              0000000000000000000000000000000000000000000000008600000000000000000000000000001101105                         0000000000000000000000000                                             000062
102021974950001161584870000003760                             82070209124      000                        1421091105                              101105000000000860010409237000000000000125647101101105              0000000000000000000000000000000000000000000000008600000000000000000000000000001101105                         0000000000000000000000000                                             000063
102021974950001161584870000003760                             82070213121      000                        1421091105                              101105000000000860006500016000000000000270663101101105              0000000000000000000000000000000000000000000000008600000000000000000000000000001101105                         0000000000000000000000000                                             000064
102021974950001161584870000003760                             82070219120      000                        1421091105                              101105000000000720010409237000000000000125647101101105              0000000000000000000000000000000000000000000000007200000000000000000000000000001101105                         0000000000000000000000000                                             000065
102021974950001161584870000003760                             82070220128      000                        1421091105                              101105000000000860010409440000000000000125647101101105              0000000000000000000000000000000000000000000000008600000000000000000000000000001101105                         0000000000000000000000000                                             000066
102021974950001161584870000003760                             82070222120      000                        1421091105                              101105000000000860010409172000000000000125647101101105              0000000000000000000000000000000000000000000000008600000000000000000000000000001101105                         0000000000000000000000000                                             000067
102021974950001161584870000003760                             82070229125      000                        1421091105                              101105000000000860023731906000000000000270663101101105              0000000000000000000000000000000000000000000000008600000000000000000000000000001101105                         0000000000000000000000000                                             000068
102021974950001161584870000003760                             82070301128      000                        1421091105                              000000000000000720040975226000000000000270663101101105              0000000000000000000000000000000000000000000000007200000000000000000000000000001101105                         0000000000000000000000000                                             000069
102021974950001161584870000003760                             82090104123      000                        1421091105                              101105000000000640075641796000000000000270663101101105              0000000000000000000000000000000000000000000000006400000000000000000000000000001101105                         0000000000000000000000000                                             000070
102021974950001161584870000003760                             82090106126      000                        1421091105                              101105000000000640075641796000000000000270663101101105              0000000000000000000000000000000000000000000000006400000000000000000000000000001101105                         0000000000000000000000000                                             000071
102021974950001161584870000003760                             82090113122      000                        1421091105                              101105000000000640006500016000000000000270663101101105              0000000000000000000000000000000000000000000000006400000000000000000000000000001101105                         0000000000000000000000000                                             000072
102021974950001161584870000003760                             82090131120      000                        1421091105                              101105000000000640010400540000000000000125647101101105              0000000000000000000000000000000000000000000000006400000000000000000000000000001101105                         0000000000000000000000000                                             000073
102021974950001161584870000003760                             82090132127      000                        1421091105                              101105000000000640010400540000000000000125647101101105              0000000000000000000000000000000000000000000000006400000000000000000000000000001101105                         0000000000000000000000000                                             000074
102021974950001161584870000003760                             82090201129      000                        1421091105                              101105000000000640010400540000000000000125647101101105              0000000000000000000000000000000000000000000000006400000000000000000000000000001101105                         0000000000000000000000000                                             000075
102021974950001161584870000003760                             82090206120      000                        1421091105                              101105000000000640074500016000000000000270663101101105              0000000000000000000000000000000000000000000000006400000000000000000000000000001101105                         0000000000000000000000000                                             000076
102021974950001161584870000003760                             82090212120      000                        1421091105                              000000000000000640023717836000000000000270663101101105              0000000000000000000000000000000000000000000000006400000000000000000000000000001101105                         0000000000000000000000000                                             000077
102021974950001161584870000003760                             82090214123      000                        1421091105                              101105000000000640010400540000000000000125647101101105              0000000000000000000000000000000000000000000000006400000000000000000000000000001101105                         0000000000000000000000000                                             000078
102021974950001161584870000003760                             82090215120      000                        1421091105                              101105000000000640000123356000000000000270663101101105              0000000000000000000000000000000000000000000000006400000000000000000000000000001101105                         0000000000000000000000000                                             000079
102021974950001161584870000003760                             82090217122      000                        1421091105                              101105000000000640010400540000000000000125647101101105              0000000000000000000000000000000000000000000000006400000000000000000000000000001101105                         0000000000000000000000000                                             000080
102021974950001161584870000003760                             82090222126      000                        1421091105                              101105000000000640010400540000000000000125647101101105              0000000000000000000000000000000000000000000000006400000000000000000000000000001101105                         0000000000000000000000000                                             000081
102021974950001161584870000003760                             82090224129      000                        1421091105                              101105000000000640010400540000000000000125647101101105              0000000000000000000000000000000000000000000000006400000000000000000000000000001101105                         0000000000000000000000000                                             000082
102021974950001161584870000003760                             82090230129      000                        1421091105                              000000000000000640023717836000000000000270663101101105              0000000000000000000000000000000000000000000000006400000000000000000000000000001101105                         0000000000000000000000000                                             000083
102021974950001161584870000003760                             82090310122      000                        1421091105                              101105000000000640010407749000000000000125647101101105              0000000000000000000000000000000000000000000000006400000000000000000000000000001101105                         0000000000000000000000000                                             000084
102021974950001161584870000003760                             82090315124      000                        1421091105                              101105000000000640006500016000000000000270663101101105              0000000000000000000000000000000000000000000000006400000000000000000000000000001101105                         0000000000000000000000000                                             000085
102021974950001161584870000003760                             82090323127      000                        1421091105                              101105000000000640075641796000000000000270663101101105              0000000000000000000000000000000000000000000000006400000000000000000000000000001101105                         0000000000000000000000000                                             000086
102021974950001161584870000003760                             82090326126      000                        1421091105                              000000000000000640023717836000000000000270663101101105              0000000000000000000000000000000000000000000000006400000000000000000000000000001101105                         0000000000000000000000000                                             000087
102021974950001161584870000003760                             82090404127      000                        1421091105                              101105000000000640023717836000000000000270663101101105              0000000000000000000000000000000000000000000000006400000000000000000000000000001101105                         0000000000000000000000000                                             000088
102021974950001161584870000003760                             82090410127      000                        1421091105                              101105000000000640010412424000000000000125647101101105              0000000000000000000000000000000000000000000000006400000000000000000000000000001101105                         0000000000000000000000000                                             000089
102021974950001161584870000003760                             82090420122      000                        1421091105                              101105000000000640010400540000000000000125647101101105              0000000000000000000000000000000000000000000000006400000000000000000000000000001101105                         0000000000000000000000000                                             000090
102021974950001161584870000003760                             82090426120      000                        1421091105                              000000000000000640023717836000000000000270663101101105              0000000000000000000000000000000000000000000000006400000000000000000000000000001101105                         0000000000000000000000000                                             000091
102021974950001161584870000003760                             82090428123      000                        1421091105                              101105000000000640010400540000000000000125647101101105              0000000000000000000000000000000000000000000000006400000000000000000000000000001101105                         0000000000000000000000000                                             000092
102021974950001161584870000003760                             82090432120      000                        1421091105                              000000000000000640023717836000000000000270663101101105              0000000000000000000000000000000000000000000000006400000000000000000000000000001101105                         0000000000000000000000000                                             000093
102021974950001161584870000003760                             82090433127      000                        1421091105                              101105000000000640000123356000000000000270663101101105              0000000000000000000000000000000000000000000000006400000000000000000000000000001101105                         0000000000000000000000000                                             000094
102021974950001161584870000003760                             82090434123      000                        1421091105                              101105000000000640075641796000000000000270663101101105              0000000000000000000000000000000000000000000000006400000000000000000000000000001101105                         0000000000000000000000000                                             000095
102021974950001161584870000003760                             82090501165      000                        1421091105                              100306000000000375010408770000000000000125647101101105              0000000000000000000000000000000000000000000000003750000000000000000000000000001101105                         0000000000000000000000000                                             000096
102021974950001161584870000003760                             82090502129      000                        1421091105                              101105000000000375010408770000000000000125647101101105              0000000000000000000000000000000000000000000000003750000000000000000000000000001101105                         0000000000000000000000000                                             000097
102021974950001161584870000003760                             82090503125      000                        1421091105                              101105000000000375010408770000000000000125647101101105              0000000000000000000000000000000000000000000000003750000000000000000000000000001101105                         0000000000000000000000000                                             000098
102021974950001161584870000003760                             82090503133      000                        1421091105                              101205000000000375010408770000000000000125647101101105              0000000000000000000000000000000000000000000000003750000000000000000000000000001101105                         0000000000000000000000000                                             000099
102021974950001161584870000003760                             82090506124      000                        1421091105                              101105000000000375010408770000000000000125647101101105              0000000000000000000000000000000000000000000000003750000000000000000000000000001101105                         0000000000000000000000000                                             000100
102021974950001161584870000003760                             82090507120      000                        1421091105                              101105000000000375010408770000000000000125647101101105              0000000000000000000000000000000000000000000000003750000000000000000000000000001101105                         0000000000000000000000000                                             000101
102021974950001161584870000003760                             82090509123      000                        1421091105                              101105000000000375010408770000000000000125647101101105              0000000000000000000000000000000000000000000000003750000000000000000000000000001101105                         0000000000000000000000000                                             000102
102021974950001161584870000003760                             82090510121      000                        1421091105                              101105000000000750010408770000000000000125647101101105              0000000000000000000000000000000000000000000000007500000000000000000000000000001101105                         0000000000000000000000000                                             000103
102021974950001161584870000003760                             82090513120      000                        1421091105                              101105000000000375010408770000000000000125647101101105              0000000000000000000000000000000000000000000000003750000000000000000000000000001101105                         0000000000000000000000000                                             000104
102021974950001161584870000003760                             82090516120      000                        1421091105                              101105000000000375010408770000000000000125647101101105              0000000000000000000000000000000000000000000000003750000000000000000000000000001101105                         0000000000000000000000000                                             000105
102021974950001161584870000003760                             82090524122      000                        1421091105                              101105000000000375010408770000000000000125647101101105              0000000000000000000000000000000000000000000000003750000000000000000000000000001101105                         0000000000000000000000000                                             000106
102021974950001161584870000003760                             82090525129      000                        1421091105                              101105000000000375010408770000000000000125647101101105              0000000000000000000000000000000000000000000000003750000000000000000000000000001101105                         0000000000000000000000000                                             000107
102021974950001161584870000003760                             82090526125      000                        1421091105                              101105000000000750006500016000000000000270663101101105              0000000000000000000000000000000000000000000000007500000000000000000000000000001101105                         0000000000000000000000000                                             000108
102021974950001161584870000003760                             82090601127      000                        1421091105                              101105000000000375010408770000000000000240655100091105              0000000000000000000000000000000000000000000000003750000000000000000000000000001091105                         0000000000000000000000000                                             000109
102021974950001161584870000003760                             82090604126      000                        1421091105                              101105000000000375010408770000000000000125647101101105              0000000000000000000000000000000000000000000000003750000000000000000000000000001101105                         0000000000000000000000000                                             000110
102021974950001161584870000003760                             82090605122      000                        1421091105                              101105000000000375006500016000000000000270663101101105              0000000000000000000000000000000000000000000000003750000000000000000000000000001101105                         0000000000000000000000000                                             000111
102021974950001161584870000003760                             82090612170      000                        1421091105                              100406000000000375010408770000000000000125647101101105              0000000000000000000000000000000000000000000000003750000000000000000000000000001101105                         0000000000000000000000000                                             000112
102021974950001161584870000003760                             82090615128      000                        1421091105                              101105000000000375010408770000000000000240655100091105              0000000000000000000000000000000000000000000000003750000000000000000000000000001091105                         0000000000000000000000000                                             000113
102021974950001161584870000003760                             82090617120      000                        1421091105                              101105000000000375006500016000000000000270663101101105              0000000000000000000000000000000000000000000000003750000000000000000000000000001101105                         0000000000000000000000000                                             000114
102021974950001161584870000003760                             82090623120      000                        1421091105                              101105000000000375000126696000000000000270663101101105              0000000000000000000000000000000000000000000000003750000000000000000000000000001101105                         0000000000000000000000000                                             000115
102021974950001161584870000003760                             82090630127      000                        1421091105                              101105000000000375010408770000000000000240655100091105              0000000000000000000000000000000000000000000000003750000000000000000000000000001091105                         0000000000000000000000000                                             000116
102021974950001161584870000003760                             82090705127      000                        1421091105                              101105000000000750010408770000000000000125647101101105              0000000000000000000000000000000000000000000000007500000000000000000000000000001101105                         0000000000000000000000000                                             000117
102021974950001161584870000003760                             82090721122      000                        1421091105                              101105000000000750006500016000000000000270663101101105              0000000000000000000000000000000000000000000000007500000000000000000000000000001101105                         0000000000000000000000000                                             000118
102021974950001161584870000003760                             82090728127      000                        1421091105                              101105000000000750010408770000000000000125647101101105              0000000000000000000000000000000000000000000000007500000000000000000000000000001101105                         0000000000000000000000000                                             000119
102021974950001161584870000003760                             82090910120      000                        1421091105                              101105000000000375010408770000000000000125647101101105              0000000000000000000000000000000000000000000000003750000000000000000000000000001101105                         0000000000000000000000000                                             000120
102021974950001161584870000003760                             82090911126      000                        1421091105                              101105000000000375010408770000000000000125647101101105              0000000000000000000000000000000000000000000000003750000000000000000000000000001101105                         0000000000000000000000000                                             000121
102021974950001161584870000003760                             82090918120      000                        1421091105                              101105000000000750010408770000000000000125647101101105              0000000000000000000000000000000000000000000000007500000000000000000000000000001101105                         0000000000000000000000000                                             000122
102021974950001161584870000003760                             82090922128      000                        1421091105                              101105000000000375010408770000000000000125647101101105              0000000000000000000000000000000000000000000000003750000000000000000000000000001101105                         0000000000000000000000000                                             000123
102021974950001161584870000003760                             82090931127      000                        1421091105                              101105000000000375010412424000000000000125647101101105              0000000000000000000000000000000000000000000000003750000000000000000000000000001101105                         0000000000000000000000000                                             000124
102021974950001161584870000003760                             82090933120      000                        1421091105                              101105000000000750010408770000000000000125647101101105              0000000000000000000000000000000000000000000000007500000000000000000000000000001101105                         0000000000000000000000000                                             000125
102021974950001161584870000003760                             82090934126      000                        1421091105                              101105000000000750010408770000000000000125647101101105              0000000000000000000000000000000000000000000000007500000000000000000000000000001101105                         0000000000000000000000000                                             000126
102021974950001161584870000003760                             82090938121      000                        1421091105                              101105000000000375006500016000000000000270663101101105              0000000000000000000000000000000000000000000000003750000000000000000000000000001101105                         0000000000000000000000000                                             000127
102021974950001161584870000003760                             82091013121      000                        1421091105                              101105000000000375010408770000000000000125647101101105              0000000000000000000000000000000000000000000000003750000000000000000000000000001101105                         0000000000000000000000000                                             000128
102021974950001161584870000003760                             82091030123      000                        1421091105                              101105000000000375010408770000000000000125647101101105              0000000000000000000000000000000000000000000000003750000000000000000000000000001101105                         0000000000000000000000000                                             000129
102021974950001161584870000003760                             82091039120      000                        1421091105                              101105000000000375010408770000000000000125647101101105              0000000000000000000000000000000000000000000000003750000000000000000000000000001101105                         0000000000000000000000000                                             000130
102021974950001161584870000003760                             82091101128      000                        1421091105                              101105000000000640006500016000000000000270663101101105              0000000000000000000000000000000000000000000000006400000000000000000000000000001101105                         0000000000000000000000000                                             000131
102021974950001161584870000003760                             82091110127      000                        1421091105                              101105000000000640006500016000000000000270663101101105              0000000000000000000000000000000000000000000000006400000000000000000000000000001101105                         0000000000000000000000000                                             000132
102021974950001161584870000003760                             82091111123      000                        1421091105                              101105000000000750010408770000000000000125647101101105              0000000000000000000000000000000000000000000000007500000000000000000000000000001101105                         0000000000000000000000000                                             000133
102021974950001161584870000003760                             82091119124      000                        1421091105                              101105000000000750010400540000000000000125647101101105              0000000000000000000000000000000000000000000000007500000000000000000000000000001101105                         0000000000000000000000000                                             000134
102021974950001161584870000003760                             82091122125      000                        1421091105                              101105000000000640006500016000000000000270663101101105              0000000000000000000000000000000000000000000000006400000000000000000000000000001101105                         0000000000000000000000000                                             000135
102021974950001161584870000003760                             82091124128      000                        1421091105                              101105000000000640006500016000000000000270663101101105              0000000000000000000000000000000000000000000000006400000000000000000000000000001101105                         0000000000000000000000000                                             000136
102021974950001161584870000003760                             82091207120      000                        1421091105                              101105000000000640010400540000000000000125647101101105              0000000000000000000000000000000000000000000000006400000000000000000000000000001101105                         0000000000000000000000000                                             000137
102021974950001161584870000003760                             82091209123      000                        1421091105                              101105000000000640010400540000000000000125647101101105              0000000000000000000000000000000000000000000000006400000000000000000000000000001101105                         0000000000000000000000000                                             000138
102021974950001161584870000003760                             82091215123      000                        1421091105                              101105000000000640010400540000000000000125647101101105              0000000000000000000000000000000000000000000000006400000000000000000000000000001101105                         0000000000000000000000000                                             000139
102021974950001161584870000003760                             82091220127      000                        1421091105                              101105000000000640010400540000000000000125647101101105              0000000000000000000000000000000000000000000000006400000000000000000000000000001101105                         0000000000000000000000000                                             000140
102021974950001161584870000003760                             82120101127      000                        1421091105                              101105000000000550010421245000000000000125647101101105              0000000000000000000000000000000000000000000000005500000000000000000000000000001101105                         0000000000000000000000000                                             000141
102021974950001161584870000003760                             82120105122      000                        1421091105                              101105000000000550010421245000000000000125647101101105              0000000000000000000000000000000000000000000000005500000000000000000000000000001101105                         0000000000000000000000000                                             000142
102021974950001161584870000003760                             82120109128      000                        1421091105                              101105000000000550010421245000000000000125647101101105              0000000000000000000000000000000000000000000000005500000000000000000000000000001101105                         0000000000000000000000000                                             000143
102021974950001161584870000003760                             82120119123      000                        1421091105                              101105000000000550075641796000000000000270663101101105              0000000000000000000000000000000000000000000000005500000000000000000000000000001101105                         0000000000000000000000000                                             000144
102021974950001161584870000003760                             82120126120      000                        1421091105                              101105000000000550007347476000000000000270663101101105              0000000000000000000000000000000000000000000000005500000000000000000000000000001101105                         0000000000000000000000000                                             000145
102021974950001161584870000003760                             82120133126      000                        1421091105                              101105000000000550010421245000000000000125647101101105              0000000000000000000000000000000000000000000000005500000000000000000000000000001101105                         0000000000000000000000000                                             000146
102021974950001161584870000003760                             82130102134      000                        1421091105                              101105000000000860010409148000000000000125647101101105              0000000000000000000000000000000000000000000000008600000000000000000000000000001101105                         0000000000000000000000000                                             000147
102021974950001161584870000003760                             82130121139      000                        1421091105                              101105000000000860010409148000000000000125647101101105              0000000000000000000000000000000000000000000000008600000000000000000000000000001101105                         0000000000000000000000000                                             000148
102021974950001161584870000003760                             82130217136      000                        1421091105                              101105000000000860002411246000000000000270663101101105              0000000000000000000000000000000000000000000000008600000000000000000000000000001101105                         0000000000000000000000000                                             000149
102021974950001161584870000003760                             82130218132      000                        1421091105                              101105000000000860006500016000000000000270663101101105              0000000000000000000000000000000000000000000000008600000000000000000000000000001101105                         0000000000000000000000000                                             000150
102021974950001161584870000003760                             82130226135      000                        1421091105                              101105000000000860010409148000000000000125620101101105              0000000000000000000000000000000000000000000000008600000000000000000000000000001101105                         0000000000000000000000000                                             000151
102021974950001161584870000003760                             82130303130      000                        1421091105                              101105000000000860075641796000000000000270663101101105              0000000000000000000000000000000000000000000000008600000000000000000000000000001101105                         0000000000000000000000000                                             000152
102021974950001161584870000003760                             82130314131      000                        1421091105                              101105000000000860075641796000000000000270663101101105              0000000000000000000000000000000000000000000000008600000000000000000000000000001101105                         0000000000000000000000000                                             000153
102021974950001161584870000003760                             82130318137      000                        1421091105                              101105000000000860010409148000000000000125647101101105              0000000000000000000000000000000000000000000000008600000000000000000000000000001101105                         0000000000000000000000000                                             000154
102021974950001161584870000003760                             82999026482      000                        1421091105                              301105000000000860002410516000000000000270663101101105              0000000000000000000000000000000000000000000000008600000000000000000000000000001101105                         0000000000000000000000000                                             000155
102021974950001161584870000003760                             82999026725      000                        1421091105                              301105000000000860010408761000000000000240655100091105              0000000000000000000000000000000000000000000000008600000000000000000000000000001091105                         0000000000000000000000000                                             000156
102021974950001161584870000003760                             82999026750      000                        1421091105                              301105000000000860010408761000000000000240655100091105              0000000000000000000000000000000000000000000000008600000000000000000000000000001091105                         0000000000000000000000000                                             000157
102021974950001161584870000003760                             82999027055      000                        1421091105                              301105000000000860010410308000000000000125647101101105              0000000000000000000000000000000000000000000000008600000000000000000000000000001101105                         0000000000000000000000000                                             000158
102021974950001161584870000003760                             82999028159      000                        1421091105                              301105000000000750010407749000000000000125647101101105              0000000000000000000000000000000000000000000000007500000000000000000000000000001101105                         0000000000000000000000000                                             000159
9201104                                                                                                                                                                                                                                                                                                                                                                                                   000160
