02RETORNO01COBRANCA       1584870000003760    IPAD                          104C ECON FEDERAL 141106                                                                                                                                                                                                                                                                                                 00329000001
102021974950001161584870000003760                             82010329166      000                        1421141106                              161106000000002100000110606000000000000270663101161106              0000000000000000000000000000000000000000000000021000000000000000000000000000001161106                         0000000000000000000000000                                             000002
102021974950001161584870000003760                             82030317155      000                        1421141106                              300706000000000860010408672000000000000240655100141106              0000000000000000000000000000000000000000000000009684000000000108400000000000001141106                         0000000000000000000000000                                             000003
102021974950001161584870000003760                             82030317163      000                        1421141106                              300806000000000860010408672000000000000240655100141106              0000000000000000000000000000000000000000000000009417000000000081700000000000001141106                         0000000000000000000000000                                             000004
102021974950001161584870000003760                             82030317171      000                        1421141106                              300906000000000860010408672000000000000240655100141106              0000000000000000000000000000000000000000000000009159000000000055900000000000001141106                         0000000000000000000000000                                             000005
102021974950001161584870000003760                             82030333177      000                        1421141106                              101106000000000860010409156000000000000125647101161106              0000000000000000000000000000000000000000000000008800000000000020000000000000001161106                         0000000000000000000000000                                             000006
102021974950001161584870000003760                             82030507159      000                        1421141106                              151106000000000760006500016000000000000270663101161106              0000000000000000000000000000000000000000000000007600000000000000000000000000001161106                         0000000000000000000000000                                             000007
102021974950001161584870000003760                             82030530150      000                        1421141106                              151106000000000760000121336000000000000270663101161106              0000000000000000000000000000000000000000000000007600000000000000000000000000001161106                         0000000000000000000000000                                             000008
102021974950001161584870000003760                             82030534148      000                        1421141106                              031106000000000760010409156000000000000240655100141106              0000000000000000000000000000000000000000000000007836000000000023600000000000001141106                         0000000000000000000000000                                             000009
102021974950001161584870000003760                             82030543155      000                        1421141106                              151106000000000760010409148000000000000125620101161106              0000000000000000000000000000000000000000000000007600000000000000000000000000001161106                         0000000000000000000000000                                             000010
102021974950001161584870000003760                             82031105119      000                        1421141106                              101106000000000760010424465000000000000240655100141106              0000000000000000000000000000000000000000000000007752000000000015200000000000001141106                         0000000000000000000000000                                             000011
102021974950001161584870000003760                             82031114118      000                        1421141106                              101106000000000760010424465000000000000240655100141106              0000000000000000000000000000000000000000000000007752000000000015200000000000001141106                         0000000000000000000000000                                             000012
102021974950001161584870000003760                             82031117117      000                        1421141106                              101106000000000760010424465000000000000125647101161106              0000000000000000000000000000000000000000000000007780000000000018000000000000001161106                         0000000000000000000000000                                             000013
102021974950001161584870000003760                             82031120118      000                        1421141106                              101106000000000760010424465000000000000125647101161106              0000000000000000000000000000000000000000000000007780000000000018000000000000001161106                         0000000000000000000000000                                             000014
102021974950001161584870000003760                             82060405150      000                        1421141106                              101106000000000760010430171000000000000240655100141106              0000000000000000000000000000000000000000000000007782000000000018200000000000001141106                         0000000000000000000000000                                             000015
102021974950001161584870000003760                             82060413152      000                        1421141106                              101106000000000760010410308000000000000125647101161106              0000000000000000000000000000000000000000000000007782000000000018200000000000001161106                         0000000000000000000000000                                             000016
102021974950001161584870000003760                             82060620166      000                        1421141106                              151106000000000750035610246000000000000270663101161106              0000000000000000000000000000000000000000000000007500000000000000000000000000001161106                         0000000000000000000000000                                             000017
102021974950001161584870000003760                             82060620174      000                        1421141106                              151206000000000750035610246000000000000270663101161106              0000000000000000000000000000000000000000000000007500000000000000000000000000001161106                         0000000000000000000000000                                             000018
102021974950001161584870000003760                             82060628167      000                        1421141106                              000000000000000750039928996000000000000270663101161106              0000000000000000000000000000000000000000000000007500000000000000000000000000001161106                         0000000000000000000000000                                             000019
102021974950001161584870000003760                             82070608169      000                        1421141106                              201106000000000760000107146000000000000270663101161106              0000000000000000000000000000000000000000000000007600000000000000000000000000001161106                         0000000000000000000000000                                             000020
102021974950001161584870000003760                             82070616129      000                        1421141106                              040706000000000760010405592000000000000240655100141106              0000000000000000000000000000000000000000000000008792000000000119200000000000001141106                         0000000000000000000000000                                             000021
102021974950001161584870000003760                             82071215152      000                        1421141106                              101106000000000760010400450000000000000125647101161106              0000000000000000000000000000000000000000000000007780000000000018000000000000001161106                         0000000000000000000000000                                             000022
102021974950001161584870000003760                             82071220148      000                        1421141106                              101006000000000760010415830000000000000240655100141106              0000000000000000000000000000000000000000000000007787000000000018700000000000001141106                         0000000000000000000000000                                             000023
102021974950001161584870000003760                             82071419114      000                        1421141106                              101106000000000760010421245000000000000125647101161106              0000000000000000000000000000000000000000000000008016000000000041600000000000001161106                         0000000000000000000000000                                             000024
102021974950001161584870000003760                             82090216169      000                        1421141106                              290906000000000750010412424000000000000125647101161106              0000000000000000000000000000000000000000000000007685000000000018500000000000001161106                         0000000000000000000000000                                             000025
102021974950001161584870000003760                             82090216177      000                        1421141106                              290906000000000750010412424000000000000125647101161106              0000000000000000000000000000000000000000000000007685000000000018500000000000001161106                         0000000000000000000000000                                             000026
102021974950001161584870000003760                             82111022112      000                        1421141106                              111106000000000760010407765000000000000125647101161106              0000000000000000000000000000000000000000000000007773000000000017300000000000001161106                         0000000000000000000000000                                             000027
102021974950001161584870000003760                             82111024115      000                        1421141106                              111106000000000760010407765000000000000125647101161106              0000000000000000000000000000000000000000000000007600000000000000000000000000001161106                         0000000000000000000000000                                             000028
102021974950001161584870000003760                             82130419120      000                        1421141106                              101106000000000760010409148000000000000125647101161106              0000000000000000000000000000000000000000000000007760000000000016000000000000001161106                         0000000000000000000000000                                             000029
102021974950001161584870000003760                             82130426126      000                        1421141106                              101106000000000760010409148000000000000125647101161106              0000000000000000000000000000000000000000000000007782000000000018200000000000001161106                         0000000000000000000000000                                             000030
9201104                                                                                                                                                                                                                                                                                                                                                                                                   000031
