02RETORNO01COBRANCA       1584870000003760    IPAD                          104C ECON FEDERAL 130705                                                                                                                                                                                                                                                                                                 00003000001
102021974950001161584870000003760                             82999382866      000                        1421130705                              100805000000000860010409148000000000000125647101140705              0000000000000000000000000000000000000000000000008600000000000000000000000000001140705                         0000000000000000000000000                                             000002
9201104                                                                                                                                                                                                                                                                                                                                                                                                   000003
