02RETORNO01COBRANCA       1584870000003760    IPAD                          104C ECON FEDERAL 111105                                                                                                                                                                                                                                                                                                 00078000001
102021974950001161584870000003760                             82040531125      000                        1421111105                              101105000000000860010400523000000000000125647101141105              0000000000000000000000000000000000000000000000008600000000000000000000000000001141105                         0000000000000000000000000                                             000002
102021974950001161584870000003760                             82050122120      000                        1421111105                              101105000000000400010400531000000000000125647101141105              0000000000000000000000000000000000000000000000004084000000000008400000000000001141105                         0000000000000000000000000                                             000003
102021974950001161584870000003760                             82050205123      000                        1421111105                              101105000000000400010400531000000000000125647101141105              0000000000000000000000000000000000000000000000004084000000000008400000000000001141105                         0000000000000000000000000                                             000004
102021974950001161584870000003760                             82050304121      000                        1421111105                              101105000000000860010427782000000000000125647101141105              0000000000000000000000000000000000000000000000008780000000000018000000000000001141105                         0000000000000000000000000                                             000005
102021974950001161584870000003760                             82050310121      000                        1421111105                              101105000000000860010410383000000000000125647101141105              0000000000000000000000000000000000000000000000008780000000000018000000000000001141105                         0000000000000000000000000                                             000006
102021974950001161584870000003760                             82050317126      000                        1421111105                              101105000000000860010427782000000000000125647101141105              0000000000000000000000000000000000000000000000008780000000000018000000000000001141105                         0000000000000000000000000                                             000007
102021974950001161584870000003760                             82060112136      000                        1421111105                              151105000000000860034103636000000000000270663101141105              0000000000000000000000000000000000000000000000008600000000000000000000000000001141105                         0000000000000000000000000                                             000008
102021974950001161584870000003760                             82060122131      000                        1421111105                              151105000000000860006500016000000000000270663101141105              0000000000000000000000000000000000000000000000008600000000000000000000000000001141105                         0000000000000000000000000                                             000009
102021974950001161584870000003760                             82070125125      000                        1421111105                              111105000000000860006500016000000000000270663101141105              0000000000000000000000000000000000000000000000008600000000000000000000000000001141105                         0000000000000000000000000                                             000010
102021974950001161584870000003760                             82070302124      000                        1421111105                              000000000000000860040975226000000000000270663101141105              0000000000000000000000000000000000000000000000008600000000000000000000000000001141105                         0000000000000000000000000                                             000011
102021974950001161584870000003760                             82070326120      000                        1421111105                              151105000000000860006500016000000000000270663101141105              0000000000000000000000000000000000000000000000008600000000000000000000000000001141105                         0000000000000000000000000                                             000012
102021974950001161584870000003760                             82070402129      000                        1421111105                              151105000000000860006500016000000000000270663101141105              0000000000000000000000000000000000000000000000008600000000000000000000000000001141105                         0000000000000000000000000                                             000013
102021974950001161584870000003760                             82070407120      000                        1421111105                              151105000000000860010430155000000000000240655100111105              0000000000000000000000000000000000000000000000008600000000000000000000000000001111105                         0000000000000000000000000                                             000014
102021974950001161584870000003760                             82070421123      000                        1421111105                              000000000000000860040975226000000000000270663101141105              0000000000000000000000000000000000000000000000008600000000000000000000000000001141105                         0000000000000000000000000                                             000015
102021974950001161584870000003760                             82070505122      000                        1421111105                              151105000000000860010409172000000000000125647101141105              0000000000000000000000000000000000000000000000008600000000000000000000000000001141105                         0000000000000000000000000                                             000016
102021974950001161584870000003760                             82070509128      000                        1421111105                              000000000000000860039928996000000000000270663101141105              0000000000000000000000000000000000000000000000008600000000000000000000000000001141105                         0000000000000000000000000                                             000017
102021974950001161584870000003760                             82070520121      000                        1421111105                              151105000000000860010412947000000000000125647101141105              0000000000000000000000000000000000000000000000008600000000000000000000000000001141105                         0000000000000000000000000                                             000018
102021974950001161584870000003760                             82090514127      000                        1421111105                              101105000000000375010408770000000000000125647101141105              0000000000000000000000000000000000000000000000003828000000000007800000000000001141105                         0000000000000000000000000                                             000019
102021974950001161584870000003760                             82090717125      000                        1421111105                              101105000000000750010408770000000000000125647101141105              0000000000000000000000000000000000000000000000007657000000000015700000000000001141105                         0000000000000000000000000                                             000020
102021974950001161584870000003760                             82090730121      000                        1421111105                              101105000000000750010408770000000000000240655100111105              0000000000000000000000000000000000000000000000007657000000000015700000000000001111105                         0000000000000000000000000                                             000021
102021974950001161584870000003760                             82090914125      000                        1421111105                              101105000000000375010408770000000000000125647101141105              0000000000000000000000000000000000000000000000003828000000000007800000000000001141105                         0000000000000000000000000                                             000022
102021974950001161584870000003760                             82091010122      000                        1421111105                              101105000000000375010408770000000000000240655100111105              0000000000000000000000000000000000000000000000003829000000000007900000000000001111105                         0000000000000000000000000                                             000023
102021974950001161584870000003760                             82091012125      000                        1421111105                              101105000000000375010408770000000000000125647101141105              0000000000000000000000000000000000000000000000003828000000000007800000000000001141105                         0000000000000000000000000                                             000024
102021974950001161584870000003760                             82091014128      000                        1421111105                              101105000000000375010408770000000000000125647101141105              0000000000000000000000000000000000000000000000003828000000000007800000000000001141105                         0000000000000000000000000                                             000025
102021974950001161584870000003760                             82091032126      000                        1421111105                              101105000000000375010408770000000000000125647101141105              0000000000000000000000000000000000000000000000003828000000000007800000000000001141105                         0000000000000000000000000                                             000026
102021974950001161584870000003760                             82091038124      000                        1421111105                              101105000000000750010408770000000000000125647101141105              0000000000000000000000000000000000000000000000007657000000000015700000000000001141105                         0000000000000000000000000                                             000027
102021974950001161584870000003760                             82091107126      000                        1421111105                              101105000000000640010408770000000000000125647101141105              0000000000000000000000000000000000000000000000006530000000000013000000000000001141105                         0000000000000000000000000                                             000028
102021974950001161584870000003760                             82091125124      000                        1421111105                              101105000000000640010408770000000000000125647101141105              0000000000000000000000000000000000000000000000006530000000000013000000000000001141105                         0000000000000000000000000                                             000029
102021974950001161584870000003760                             82120107125      000                        1421111105                              101105000000000550010421245000000000000125647101141105              0000000000000000000000000000000000000000000000005615000000000011500000000000001141105                         0000000000000000000000000                                             000030
102021974950001161584870000003760                             82120131123      000                        1421111105                              101105000000000550010421245000000000000125647101141105              0000000000000000000000000000000000000000000000005615000000000011500000000000001141105                         0000000000000000000000000                                             000031
102021974950001161584870000003760                             82999026733      000                        1421111105                              301105000000000860010408761000000000000240655100111105              0000000000000000000000000000000000000000000000008600000000000000000000000000001111105                         0000000000000000000000000                                             000032
102021974950001161584870000003760                             82999026920      000                        1421111105                              301105000000000860010408761000000000000240655100111105              0000000000000000000000000000000000000000000000008600000000000000000000000000001111105                         0000000000000000000000000                                             000033
102021974950001161584870000003760                             82999026938      000                        1421111105                              301105000000000860010408761000000000000240655100111105              0000000000000000000000000000000000000000000000008600000000000000000000000000001111105                         0000000000000000000000000                                             000034
102021974950001161584870000003760                             82999027047      000                        1421111105                              301105000000000860010408761000000000000125647101141105              0000000000000000000000000000000000000000000000008600000000000000000000000000001141105                         0000000000000000000000000                                             000035
102021974950001161584870000003760                             82999030986      000                        1421111105                              301105000000000750010407749000000000000125647101141105              0000000000000000000000000000000000000000000000007500000000000000000000000000001141105                         0000000000000000000000000                                             000036
102021974950001161584870000003760                             82999031001      000                        1421111105                              301105000000000750010407749000000000000240655100111105              0000000000000000000000000000000000000000000000007500000000000000000000000000001111105                         0000000000000000000000000                                             000037
9201104                                                                                                                                                                                                                                                                                                                                                                                                   000038
