02RETORNO01COBRANCA       1584870000003760    IPAD                          104C ECON FEDERAL 151205                                                                                                                                                                                                                                                                                                 00101000001
102021974950001161584870000003760                             82010104121      000                        1421151205                              101205000000000375010414338000000000000125647101161205              0000000000000000000000000000000000000000000000003843000000000009300000000000001161205                         0000000000000000000000000                                             000002
102021974950001161584870000003760                             82030101128      000                        1421151205                              101205000000000750010424465000000000000240655100151205              0000000000000000000000000000000000000000000000007688000000000018800000000000001151205                         0000000000000000000000000                                             000003
102021974950001161584870000003760                             82040315139      000                        1421151205                              151205000000000360006500016000000000000270663101161205              0000000000000000000000000000000000000000000000003600000000000000000000000000001161205                         0000000000000000000000000                                             000004
102021974950001161584870000003760                             82040324138      000                        1421151205                              151205000000000360010400523000000000000125647101161205              0000000000000000000000000000000000000000000000003600000000000000000000000000001161205                         0000000000000000000000000                                             000005
102021974950001161584870000003760                             82040325134      000                        1421151205                              151205000000000360006500016000000000000270663101161205              0000000000000000000000000000000000000000000000003600000000000000000000000000001161205                         0000000000000000000000000                                             000006
102021974950001161584870000003760                             82040328133      000                        1421151205                              151205000000000360010400523000000000000125647101161205              0000000000000000000000000000000000000000000000003600000000000000000000000000001161205                         0000000000000000000000000                                             000007
102021974950001161584870000003760                             82040518137      000                        1421151205                              101205000000000860010400523000000000000125647101161205              0000000000000000000000000000000000000000000000008777000000000017700000000000001161205                         0000000000000000000000000                                             000008
102021974950001161584870000003760                             82040522134      000                        1421151205                              101205000000000860010400523000000000000125647101161205              0000000000000000000000000000000000000000000000008777000000000017700000000000001161205                         0000000000000000000000000                                             000009
102021974950001161584870000003760                             82040528124      000                        1421151205                              000000000000000860039928996000000000000270663101161205              0000000000000000000000000000000000000000000000008600000000000000000000000000001161205                         0000000000000000000000000                                             000010
102021974950001161584870000003760                             82060112144      000                        1421151205                              000000000000000860039928996000000000000270663101161205              0000000000000000000000000000000000000000000000008600000000000000000000000000001161205                         0000000000000000000000000                                             000011
102021974950001161584870000003760                             82060124142      000                        1421151205                              151205000000000860010406785000000000000125647101161205              0000000000000000000000000000000000000000000000008600000000000000000000000000001161205                         0000000000000000000000000                                             000012
102021974950001161584870000003760                             82060126145      000                        1421151205                              151205000000000860010406483000000000000125647101161205              0000000000000000000000000000000000000000000000008600000000000000000000000000001161205                         0000000000000000000000000                                             000013
102021974950001161584870000003760                             82060143147      000                        1421151205                              151205000000000860075641796000000000000270663101161205              0000000000000000000000000000000000000000000000008600000000000000000000000000001161205                         0000000000000000000000000                                             000014
102021974950001161584870000003760                             82060230120      000                        1421151205                              101205000000000860010421911000000000000125647101161205              0000000000000000000000000000000000000000000000008815000000000021500000000000001161205                         0000000000000000000000000                                             000015
102021974950001161584870000003760                             82060309126      000                        1421151205                              151205000000000860006500016000000000000270663101161205              0000000000000000000000000000000000000000000000008600000000000000000000000000001161205                         0000000000000000000000000                                             000016
102021974950001161584870000003760                             82060314120      000                        1421151205                              151205000000000860010408761000000000000125647101161205              0000000000000000000000000000000000000000000000008600000000000000000000000000001161205                         0000000000000000000000000                                             000017
102021974950001161584870000003760                             82060318125      000                        1421151205                              151205000000000860010408761000000000000125647101161205              0000000000000000000000000000000000000000000000008600000000000000000000000000001161205                         0000000000000000000000000                                             000018
102021974950001161584870000003760                             82060321126      000                        1421151205                              151205000000000860006500016000000000000270663101161205              0000000000000000000000000000000000000000000000008600000000000000000000000000001161205                         0000000000000000000000000                                             000019
102021974950001161584870000003760                             82060322122      000                        1421151205                              151205000000000860010408761000000000000125647101161205              0000000000000000000000000000000000000000000000008600000000000000000000000000001161205                         0000000000000000000000000                                             000020
102021974950001161584870000003760                             82060323129      000                        1421151205                              151205000000000860010408761000000000000240655100151205              0000000000000000000000000000000000000000000000008600000000000000000000000000001151205                         0000000000000000000000000                                             000021
102021974950001161584870000003760                             82060325121      000                        1421151205                              151205000000000860075641796000000000000270663101161205              0000000000000000000000000000000000000000000000008600000000000000000000000000001161205                         0000000000000000000000000                                             000022
102021974950001161584870000003760                             82060334120      000                        1421151205                              151205000000000860010408761000000000000125647101161205              0000000000000000000000000000000000000000000000008600000000000000000000000000001161205                         0000000000000000000000000                                             000023
102021974950001161584870000003760                             82070230131      000                        1421151205                              101205000000000860010408672000000000000240655100151205              0000000000000000000000000000000000000000000000008815000000000021500000000000001151205                         0000000000000000000000000                                             000024
102021974950001161584870000003760                             82070313134      000                        1421151205                              151205000000000860010400450000000000000125647101161205              0000000000000000000000000000000000000000000000008600000000000000000000000000001161205                         0000000000000000000000000                                             000025
102021974950001161584870000003760                             82070314130      000                        1421151205                              151205000000000860006500016000000000000270663101161205              0000000000000000000000000000000000000000000000008600000000000000000000000000001161205                         0000000000000000000000000                                             000026
102021974950001161584870000003760                             82070320130      000                        1421151205                              151205000000000860010415806000000000000125647101161205              0000000000000000000000000000000000000000000000008600000000000000000000000000001161205                         0000000000000000000000000                                             000027
102021974950001161584870000003760                             82070321137      000                        1421151205                              000000000000000860040975226000000000000270663101161205              0000000000000000000000000000000000000000000000008600000000000000000000000000001161205                         0000000000000000000000000                                             000028
102021974950001161584870000003760                             82070322133      000                        1421151205                              151205000000000860006500016000000000000270663101161205              0000000000000000000000000000000000000000000000008600000000000000000000000000001161205                         0000000000000000000000000                                             000029
102021974950001161584870000003760                             82070329138      000                        1421151205                              151205000000000860010400450000000000000125647101161205              0000000000000000000000000000000000000000000000008600000000000000000000000000001161205                         0000000000000000000000000                                             000030
102021974950001161584870000003760                             82070406132      000                        1421151205                              000000000000000860040975226000000000000270663101161205              0000000000000000000000000000000000000000000000008600000000000000000000000000001161205                         0000000000000000000000000                                             000031
102021974950001161584870000003760                             82070408135      000                        1421151205                              151205000000000860010406483000000000000125647101161205              0000000000000000000000000000000000000000000000008600000000000000000000000000001161205                         0000000000000000000000000                                             000032
102021974950001161584870000003760                             82070411136      000                        1421151205                              000000000000000860040975226000000000000270663101161205              0000000000000000000000000000000000000000000000008600000000000000000000000000001161205                         0000000000000000000000000                                             000033
102021974950001161584870000003760                             82070419137      000                        1421151205                              000000000000000860040975226000000000000270663101161205              0000000000000000000000000000000000000000000000008600000000000000000000000000001161205                         0000000000000000000000000                                             000034
102021974950001161584870000003760                             82070422138      000                        1421151205                              000000000000000860040975226000000000000270663101161205              0000000000000000000000000000000000000000000000008600000000000000000000000000001161205                         0000000000000000000000000                                             000035
102021974950001161584870000003760                             82070425137      000                        1421151205                              000000000000000860040975226000000000000270663101161205              0000000000000000000000000000000000000000000000008600000000000000000000000000001161205                         0000000000000000000000000                                             000036
102021974950001161584870000003760                             82070506137      000                        1421151205                              151205000000000860075641796000000000000270663101161205              0000000000000000000000000000000000000000000000008600000000000000000000000000001161205                         0000000000000000000000000                                             000037
102021974950001161584870000003760                             82070507133      000                        1421151205                              000000000000000860039928996000000000000270663101161205              0000000000000000000000000000000000000000000000008600000000000000000000000000001161205                         0000000000000000000000000                                             000038
102021974950001161584870000003760                             82070519131      000                        1421151205                              151205000000000860002410016000000000000270663101161205              0000000000000000000000000000000000000000000000008600000000000000000000000000001161205                         0000000000000000000000000                                             000039
102021974950001161584870000003760                             82070520130      000                        1421151205                              151205000000000860010412947000000000000125647101161205              0000000000000000000000000000000000000000000000008600000000000000000000000000001161205                         0000000000000000000000000                                             000040
102021974950001161584870000003760                             82070521136      000                        1421151205                              000000000000000860039928996000000000000270663101161205              0000000000000000000000000000000000000000000000008600000000000000000000000000001161205                         0000000000000000000000000                                             000041
102021974950001161584870000003760                             82070522132      000                        1421151205                              151205000000000860010415830000000000000125647101161205              0000000000000000000000000000000000000000000000008600000000000000000000000000001161205                         0000000000000000000000000                                             000042
102021974950001161584870000003760                             82090213135      000                        1421151205                              101205000000000750010400540000000000000125647101161205              0000000000000000000000000000000000000000000000007687000000000018700000000000001161205                         0000000000000000000000000                                             000043
102021974950001161584870000003760                             82090413134      000                        1421151205                              101205000000000750010400540000000000000240655100151205              0000000000000000000000000000000000000000000000007655000000000015500000000000001151205                         0000000000000000000000000                                             000044
102021974950001161584870000003760                             82090419132      000                        1421151205                              101205000000000750010400540000000000000240655100151205              0000000000000000000000000000000000000000000000007655000000000015500000000000001151205                         0000000000000000000000000                                             000045
102021974950001161584870000003760                             82091126139      000                        1421151205                              101205000000000750010408770000000000000125647101161205              0000000000000000000000000000000000000000000000007687000000000018700000000000001161205                         0000000000000000000000000                                             000046
102021974950001161584870000003760                             82110323127      000                        1421151205                              101205000000000860010407765000000000000125647101161205              0000000000000000000000000000000000000000000000008600000000000000000000000000001161205                         0000000000000000000000000                                             000047
102021974950001161584870000003760                             82110401128      000                        1421151205                              201205000000000750010408125000000000000125647101161205              0000000000000000000000000000000000000000000000007500000000000000000000000000001161205                         0000000000000000000000000                                             000048
102021974950001161584870000003760                             82120122132      000                        1421151205                              101205000000000650010421245000000000000125647101161205              0000000000000000000000000000000000000000000000006660000000000016000000000000001161205                         0000000000000000000000000                                             000049
102021974950001161584870000003760                             82999032660      000                        1421151205                              151205000000000860010408761000000000000125647101161205              0000000000000000000000000000000000000000000000008600000000000000000000000000001161205                         0000000000000000000000000                                             000050
9201104                                                                                                                                                                                                                                                                                                                                                                                                   000051
