02RETORNO01COBRANCA       1584870000003760    IPAD                          104C ECON FEDERAL 150705                                                                                                                                                                                                                                                                                                 00005000001
102021974950001161584870000003760                             82999382769      000                        1421150705                              100805000000000860006500016000000000000270663101180705              0000000000000000000000000000000000000000000000008600000000000000000000000000001180705                         0000000000000000000000000                                             000002
9201104                                                                                                                                                                                                                                                                                                                                                                                                   000003
