02RETORNO01COBRANCA       1584870000003760    IPAD                          104C ECON FEDERAL 160606                                                                                                                                                                                                                                                                                                 00225000001
102021974950001161584870000003760                             82000041062      000                        1421160606                              000000000000000760010409172000000000000125647101190606              0000000000000000000000000000000000000000000000007600000000000000000000000000001190606                         0000000000000000000000000                                             000002
102021974950001161584870000003760                             82000041089      000                        1421160606                              000000000000000760000108216000000000000270663101190606              0000000000000000000000000000000000000000000000007600000000000000000000000000001190606                         0000000000000000000000000                                             000003
102021974950001161584870000003760                             82000042549      000                        1421160606                              000000000000000760006500016000000000000270663101190606              0000000000000000000000000000000000000000000000007600000000000000000000000000001190606                         0000000000000000000000000                                             000004
102021974950001161584870000003760                             82000044304      000                        1421160606                              000000000000000760010400493000000000000125647101190606              0000000000000000000000000000000000000000000000007600000000000000000000000000001190606                         0000000000000000000000000                                             000005
102021974950001161584870000003760                             82000045971      000                        1421160606                              000000000000000760010400469000000000000125647101190606              0000000000000000000000000000000000000000000000007600000000000000000000000000001190606                         0000000000000000000000000                                             000006
102021974950001161584870000003760                             82000045980      000                        1421160606                              000000000000000760010415849000000000000125647101190606              0000000000000000000000000000000000000000000000007600000000000000000000000000001190606                         0000000000000000000000000                                             000007
102021974950001161584870000003760                             82010302110      000                        1421160606                              160606000000000660023705866000000000000270663101190606              0000000000000000000000000000000000000000000000006600000000000000000000000000001190606                         0000000000000000000000000                                             000008
102021974950001161584870000003760                             82010308118      000                        1421160606                              160606000000000660000110606000000000000270663101190606              0000000000000000000000000000000000000000000000006600000000000000000000000000001190606                         0000000000000000000000000                                             000009
102021974950001161584870000003760                             82010313111      000                        1421160606                              160606000000000660000110606000000000000270663101190606              0000000000000000000000000000000000000000000000006600000000000000000000000000001190606                         0000000000000000000000000                                             000010
102021974950001161584870000003760                             82060610136      000                        1421160606                              150606000000000750010412424000000000000125647101190606              0000000000000000000000000000000000000000000000007500000000000000000000000000001190606                         0000000000000000000000000                                             000011
102021974950001161584870000003760                             82060613135      000                        1421160606                              150606000000000750010412424000000000000125647101190606              0000000000000000000000000000000000000000000000007500000000000000000000000000001190606                         0000000000000000000000000                                             000012
102021974950001161584870000003760                             82060626121      000                        1421160606                              000000000000000750039928996000000000000270663101190606              0000000000000000000000000000000000000000000000007500000000000000000000000000001190606                         0000000000000000000000000                                             000013
102021974950001161584870000003760                             82060716139      000                        1421160606                              150606000000000860006500016000000000000270663101190606              0000000000000000000000000000000000000000000000008600000000000000000000000000001190606                         0000000000000000000000000                                             000014
102021974950001161584870000003760                             82070211170      000                        1421160606                              100406000000000860010410308000000000000125647101190606              0000000000000000000000000000000000000000000000009348000000000074800000000000001190606                         0000000000000000000000000                                             000015
102021974950001161584870000003760                             82070601121      000                        1421160606                              210606000000000760006500016000000000000270663101190606              0000000000000000000000000000000000000000000000007600000000000000000000000000001190606                         0000000000000000000000000                                             000016
102021974950001161584870000003760                             82070608126      000                        1421160606                              210606000000000760000107146000000000000270663101190606              0000000000000000000000000000000000000000000000007600000000000000000000000000001190606                         0000000000000000000000000                                             000017
102021974950001161584870000003760                             82070612123      000                        1421160606                              210606000000000760006500016000000000000270663101190606              0000000000000000000000000000000000000000000000007600000000000000000000000000001190606                         0000000000000000000000000                                             000018
102021974950001161584870000003760                             82070618121      000                        1421160606                              210606000000000760006500016000000000000270663101190606              0000000000000000000000000000000000000000000000007600000000000000000000000000001190606                         0000000000000000000000000                                             000019
102021974950001161584870000003760                             82090804176      000                        1421160606                              150606000000000340010408770000000000000125647101190606              0000000000000000000000000000000000000000000000003400000000000000000000000000001190606                         0000000000000000000000000                                             000020
102021974950001161584870000003760                             82090812179      000                        1421160606                              150606000000000340010408770000000000000125647101190606              0000000000000000000000000000000000000000000000003400000000000000000000000000001190606                         0000000000000000000000000                                             000021
102021974950001161584870000003760                             82110125171      000                        1421160606                              100506000000000750010407765000000000000125647101190606              0000000000000000000000000000000000000000000000007678000000000017800000000000001190606                         0000000000000000000000000                                             000022
102021974950001161584870000003760                             82110606137      000                        1421160606                              200606000000000750010407765000000000000125647101190606              0000000000000000000000000000000000000000000000007500000000000000000000000000001190606                         0000000000000000000000000                                             000023
102021974950001161584870000003760                             82110614121      000                        1421160606                              250506000000000750010407765000000000000125647101190606              0000000000000000000000000000000000000000000000007826000000000032600000000000001190606                         0000000000000000000000000                                             000024
102021974950001161584870000003760                             82110619131      000                        1421160606                              200606000000000750010407765000000000000125647101190606              0000000000000000000000000000000000000000000000007500000000000000000000000000001190606                         0000000000000000000000000                                             000025
102021974950001161584870000003760                             82110629137      000                        1421160606                              200606000000000750010407765000000000000125647101190606              0000000000000000000000000000000000000000000000007500000000000000000000000000001190606                         0000000000000000000000000                                             000026
102021974950001161584870000003760                             82110701130      000                        1421160606                              200606000000000750010407765000000000000125647101190606              0000000000000000000000000000000000000000000000007500000000000000000000000000001190606                         0000000000000000000000000                                             000027
102021974950001161584870000003760                             82110722137      000                        1421160606                              200606000000000750010407765000000000000125647101190606              0000000000000000000000000000000000000000000000007500000000000000000000000000001190606                         0000000000000000000000000                                             000028
102021974950001161584870000003760                             82110725136      000                        1421160606                              200606000000000750010407765000000000000125647101190606              0000000000000000000000000000000000000000000000007500000000000000000000000000001190606                         0000000000000000000000000                                             000029
102021974950001161584870000003760                             82110806136      000                        1421160606                              200606000000000750010407765000000000000125647101190606              0000000000000000000000000000000000000000000000007500000000000000000000000000001190606                         0000000000000000000000000                                             000030
102021974950001161584870000003760                             82120103170      000                        1421160606                              100406000000000650010421245000000000000125647101190606              0000000000000000000000000000000000000000000000006662000000000016200000000000001190606                         0000000000000000000000000                                             000031
9201104                                                                                                                                                                                                                                                                                                                                                                                                   000032
