02RETORNO01COBRANCA       1584870000003760    IPAD                          104C ECON FEDERAL 160306                                                                                                                                                                                                                                                                                                 00163000001
102021974950001161584870000003760                             82000034295      000                        1421160306                              050306000000000860010400477000000000000125647101170306              0000000000000000000000000000000000000000000000008866000000000026600000000000001170306                         0000000000000000000000000                                             000002
102021974950001161584870000003760                             82000034783      000                        1421160306                              100306000000000750010407765000000000000125647101170306              0000000000000000000000000000000000000000000000007657000000000015700000000000001170306                         0000000000000000000000000                                             000003
102021974950001161584870000003760                             82000034848      000                        1421160306                              100306000000000750010407765000000000000125647101170306              0000000000000000000000000000000000000000000000007655000000000015500000000000001170306                         0000000000000000000000000                                             000004
102021974950001161584870000003760                             82000034899      000                        1421160306                              100306000000000750010407765000000000000125647101170306              0000000000000000000000000000000000000000000000007650000000000015000000000000001170306                         0000000000000000000000000                                             000005
102021974950001161584870000003760                             82000035151      000                        1421160306                              100306000000000750010407765000000000000125647101170306              0000000000000000000000000000000000000000000000007657000000000015700000000000001170306                         0000000000000000000000000                                             000006
102021974950001161584870000003760                             82000035615      000                        1421160306                              100306000000000750010407765000000000000125647101170306              0000000000000000000000000000000000000000000000007657000000000015700000000000001170306                         0000000000000000000000000                                             000007
102021974950001161584870000003760                             82000035682      000                        1421160306                              150306000000000860010409156000000000000240655100160306              0000000000000000000000000000000000000000000000008781000000000018100000000000001160306                         0000000000000000000000000                                             000008
102021974950001161584870000003760                             82000036620      000                        1421160306                              200306000000000860010405592000000000000125647101170306              0000000000000000000000000000000000000000000000008600000000000000000000000000001170306                         0000000000000000000000000                                             000009
102021974950001161584870000003760                             82000037928      000                        1421160306                              300306000000000750010412424000000000000125647101170306              0000000000000000000000000000000000000000000000007500000000000000000000000000001170306                         0000000000000000000000000                                             000010
102021974950001161584870000003760                             82040426160      000                        1421160306                              100306000000000860010400523000000000000125647101170306              0000000000000000000000000000000000000000000000008823000000000022300000000000001170306                         0000000000000000000000000                                             000011
102021974950001161584870000003760                             82040601166      000                        1421160306                              100306000000000860010407730000000000000125647101170306              0000000000000000000000000000000000000000000000008823000000000022300000000000001170306                         0000000000000000000000000                                             000012
102021974950001161584870000003760                             82040606168      000                        1421160306                              100306000000000860010421709000000000000125647101170306              0000000000000000000000000000000000000000000000008823000000000022300000000000001170306                         0000000000000000000000000                                             000013
102021974950001161584870000003760                             82040713150      000                        1421160306                              100206000000000860010409164000000000000240655100160306              0000000000000000000000000000000000000000000000009064000000000046400000000000001160306                         0000000000000000000000000                                             000014
102021974950001161584870000003760                             82040713169      000                        1421160306                              100306000000000860010409164000000000000240655100160306              0000000000000000000000000000000000000000000000008832000000000023200000000000001160306                         0000000000000000000000000                                             000015
102021974950001161584870000003760                             82050327164      000                        1421160306                              100306000000000860010427782000000000000125647101170306              0000000000000000000000000000000000000000000000008824000000000022400000000000001170306                         0000000000000000000000000                                             000016
102021974950001161584870000003760                             82060115178      000                        1421160306                              150306000000000860010430171000000000000125647101170306              0000000000000000000000000000000000000000000000008780000000000018000000000000001170306                         0000000000000000000000000                                             000017
102021974950001161584870000003760                             82060310159      000                        1421160306                              150306000000000860010408761000000000000125647101170306              0000000000000000000000000000000000000000000000008780000000000018000000000000001170306                         0000000000000000000000000                                             000018
102021974950001161584870000003760                             82060314154      000                        1421160306                              150306000000000860010408761000000000000125647101170306              0000000000000000000000000000000000000000000000008780000000000018000000000000001170306                         0000000000000000000000000                                             000019
102021974950001161584870000003760                             82070101153      000                        1421160306                              100206000000000860010400450000000000000240655100160306              0000000000000000000000000000000000000000000000009078000000000047800000000000001160306                         0000000000000000000000000                                             000020
102021974950001161584870000003760                             82070126164      000                        1421160306                              100306000000000860010410308000000000000125647101170306              0000000000000000000000000000000000000000000000008823000000000022300000000000001170306                         0000000000000000000000000                                             000021
102021974950001161584870000003760                             82070502158      000                        1421160306                              150206000000000860010430171000000000000240655100160306              0000000000000000000000000000000000000000000000009021000000000042100000000000001160306                         0000000000000000000000000                                             000022
102021974950001161584870000003760                             82070510150      000                        1421160306                              150206000000000860010410308000000000000125647101170306              0000000000000000000000000000000000000000000000009021000000000042100000000000001170306                         0000000000000000000000000                                             000023
102021974950001161584870000003760                             82070510169      000                        1421160306                              150306000000000860010410308000000000000125647101170306              0000000000000000000000000000000000000000000000008780000000000018000000000000001170306                         0000000000000000000000000                                             000024
102021974950001161584870000003760                             82070519166      000                        1421160306                              150306000000000860010423485000000000000240655100160306              0000000000000000000000000000000000000000000000008781000000000018100000000000001160306                         0000000000000000000000000                                             000025
102021974950001161584870000003760                             82090212163      000                        1421160306                              100306000000000750010400540000000000000125647101170306              0000000000000000000000000000000000000000000000007692000000000019200000000000001170306                         0000000000000000000000000                                             000026
102021974950001161584870000003760                             82090936145      000                        1421160306                              100106000000000375010408770000000000000125647101170306              0000000000000000000000000000000000000000000000004000000000000025000000000000001170306                         0000000000000000000000000                                             000027
102021974950001161584870000003760                             82091001166      000                        1421160306                              100306000000000750010408770000000000000125647101170306              0000000000000000000000000000000000000000000000007692000000000019200000000000001170306                         0000000000000000000000000                                             000028
102021974950001161584870000003760                             82091007156      000                        1421160306                              100206000000000375010408770000000000000125647101170306              0000000000000000000000000000000000000000000000003927000000000017700000000000001170306                         0000000000000000000000000                                             000029
102021974950001161584870000003760                             82091007164      000                        1421160306                              100306000000000375010408770000000000000125647101170306              0000000000000000000000000000000000000000000000003843000000000009300000000000001170306                         0000000000000000000000000                                             000030
102021974950001161584870000003760                             82091011161      000                        1421160306                              100306000000000375010408770000000000000125647101170306              0000000000000000000000000000000000000000000000003750000000000000000000000000001170306                         0000000000000000000000000                                             000031
102021974950001161584870000003760                             82110117152      000                        1421160306                              100306000000000750010407765000000000000125647101170306              0000000000000000000000000000000000000000000000007700000000000020000000000000001170306                         0000000000000000000000000                                             000032
102021974950001161584870000003760                             82110327149      000                        1421160306                              100206000000000860010407765000000000000125647101170306              0000000000000000000000000000000000000000000000009078000000000047800000000000001170306                         0000000000000000000000000                                             000033
102021974950001161584870000003760                             82110337144      000                        1421160306                              100306000000000860010407765000000000000125647101170306              0000000000000000000000000000000000000000000000008826000000000022600000000000001170306                         0000000000000000000000000                                             000034
102021974950001161584870000003760                             82130228138      000                        1421160306                              150106000000000860010409148000000000000125647101170306              0000000000000000000000000000000000000000000000009252000000000065200000000000001170306                         0000000000000000000000000                                             000035
102021974950001161584870000003760                             82130228146      000                        1421160306                              150206000000000860010409148000000000000125647101170306              0000000000000000000000000000000000000000000000009004000000000040400000000000001170306                         0000000000000000000000000                                             000036
9201104                                                                                                                                                                                                                                                                                                                                                                                                   000037
