02RETORNO01COBRANCA       1584870000003760    IPAD                          104C ECON FEDERAL 161105                                                                                                                                                                                                                                                                                                 00080000001
102021974950001161584870000003760                             82040527128      000                        1421161105                              101105000000000860010400523000000000000125647101171105              0000000000000000000000000000000000000000000000008600000000000000000000000000001171105                         0000000000000000000000000                                             000002
102021974950001161584870000003760                             82040639120      000                        1421161105                              181105000000000860010407730000000000000125647101171105              0000000000000000000000000000000000000000000000008600000000000000000000000000001171105                         0000000000000000000000000                                             000003
102021974950001161584870000003760                             82050320127      000                        1421161105                              101105000000000860010427782000000000000125647101171105              0000000000000000000000000000000000000000000000008824000000000022400000000000001171105                         0000000000000000000000000                                             000004
102021974950001161584870000003760                             82060107132      000                        1421161105                              151105000000000860010430171000000000000125647101171105              0000000000000000000000000000000000000000000000008600000000000000000000000000001171105                         0000000000000000000000000                                             000005
102021974950001161584870000003760                             82060118134      000                        1421161105                              151105000000000860006500016000000000000270663101171105              0000000000000000000000000000000000000000000000008600000000000000000000000000001171105                         0000000000000000000000000                                             000006
102021974950001161584870000003760                             82060124134      000                        1421161105                              151105000000000860010406785000000000000125647101171105              0000000000000000000000000000000000000000000000008600000000000000000000000000001171105                         0000000000000000000000000                                             000007
102021974950001161584870000003760                             82060128130      000                        1421161105                              151105000000000860075641796000000000000270663101171105              0000000000000000000000000000000000000000000000008600000000000000000000000000001171105                         0000000000000000000000000                                             000008
102021974950001161584870000003760                             82060129136      000                        1421161105                              151105000000000860010415849000000000000125647101171105              0000000000000000000000000000000000000000000000008600000000000000000000000000001171105                         0000000000000000000000000                                             000009
102021974950001161584870000003760                             82060143139      000                        1421161105                              151105000000000860075641796000000000000270663101171105              0000000000000000000000000000000000000000000000008600000000000000000000000000001171105                         0000000000000000000000000                                             000010
102021974950001161584870000003760                             82070305123      000                        1421161105                              151105000000000860010406785000000000000125647101171105              0000000000000000000000000000000000000000000000008600000000000000000000000000001171105                         0000000000000000000000000                                             000011
102021974950001161584870000003760                             82070319124      000                        1421161105                              151105000000000860075641796000000000000270663101171105              0000000000000000000000000000000000000000000000008600000000000000000000000000001171105                         0000000000000000000000000                                             000012
102021974950001161584870000003760                             82070321129      000                        1421161105                              000000000000000860040973226000000000000270663101171105              0000000000000000000000000000000000000000000000008600000000000000000000000000001171105                         0000000000000000000000000                                             000013
102021974950001161584870000003760                             82070322125      000                        1421161105                              151105000000000860075641796000000000000270663101171105              0000000000000000000000000000000000000000000000008600000000000000000000000000001171105                         0000000000000000000000000                                             000014
102021974950001161584870000003760                             82070324128      000                        1421161105                              000000000000000860040975226000000000000270663101171105              0000000000000000000000000000000000000000000000008600000000000000000000000000001171105                         0000000000000000000000000                                             000015
102021974950001161584870000003760                             82070325124      000                        1421161105                              000000000000000720040975226000000000000270663101171105              0000000000000000000000000000000000000000000000007200000000000000000000000000001171105                         0000000000000000000000000                                             000016
102021974950001161584870000003760                             82070403125      000                        1421161105                              151105000000000860075641796000000000000270663101171105              0000000000000000000000000000000000000000000000008600000000000000000000000000001171105                         0000000000000000000000000                                             000017
102021974950001161584870000003760                             82070408127      000                        1421161105                              151105000000000860006500016000000000000270663101171105              0000000000000000000000000000000000000000000000008600000000000000000000000000001171105                         0000000000000000000000000                                             000018
102021974950001161584870000003760                             82070411128      000                        1421161105                              151105000000000860006500016000000000000270663101171105              0000000000000000000000000000000000000000000000008600000000000000000000000000001171105                         0000000000000000000000000                                             000019
102021974950001161584870000003760                             82070412124      000                        1421161105                              151105000000000860075641796000000000000270663101171105              0000000000000000000000000000000000000000000000008600000000000000000000000000001171105                         0000000000000000000000000                                             000020
102021974950001161584870000003760                             82070413120      000                        1421161105                              151105000000000860010400450000000000000125647101171105              0000000000000000000000000000000000000000000000008600000000000000000000000000001171105                         0000000000000000000000000                                             000021
102021974950001161584870000003760                             82070414127      000                        1421161105                              151105000000000860010415814000000000000125647101171105              0000000000000000000000000000000000000000000000008600000000000000000000000000001171105                         0000000000000000000000000                                             000022
102021974950001161584870000003760                             82070419129      000                        1421161105                              000000000000000860040975226000000000000270663101171105              0000000000000000000000000000000000000000000000008600000000000000000000000000001171105                         0000000000000000000000000                                             000023
102021974950001161584870000003760                             82070422120      000                        1421161105                              151105000000000860075641796000000000000270663101171105              0000000000000000000000000000000000000000000000008600000000000000000000000000001171105                         0000000000000000000000000                                             000024
102021974950001161584870000003760                             82070424122      000                        1421161105                              151105000000000860010405592000000000000125647101171105              0000000000000000000000000000000000000000000000008600000000000000000000000000001171105                         0000000000000000000000000                                             000025
102021974950001161584870000003760                             82070427121      000                        1421161105                              151105000000000860006500016000000000000270663101171105              0000000000000000000000000000000000000000000000008600000000000000000000000000001171105                         0000000000000000000000000                                             000026
102021974950001161584870000003760                             82070428128      000                        1421161105                              151105000000000860006500016000000000000270663101171105              0000000000000000000000000000000000000000000000008600000000000000000000000000001171105                         0000000000000000000000000                                             000027
102021974950001161584870000003760                             82070429124      000                        1421161105                              151105000000000860040908506000000000000270663101171105              0000000000000000000000000000000000000000000000008600000000000000000000000000001171105                         0000000000000000000000000                                             000028
102021974950001161584870000003760                             82070502123      000                        1421161105                              000000000000000860040975226000000000000270663101171105              0000000000000000000000000000000000000000000000008600000000000000000000000000001171105                         0000000000000000000000000                                             000029
102021974950001161584870000003760                             82070504126      000                        1421161105                              151105000000000860010400450000000000000125647101171105              0000000000000000000000000000000000000000000000008600000000000000000000000000001171105                         0000000000000000000000000                                             000030
102021974950001161584870000003760                             82070506129      000                        1421161105                              151105000000000860075641796000000000000270663101171105              0000000000000000000000000000000000000000000000008600000000000000000000000000001171105                         0000000000000000000000000                                             000031
102021974950001161584870000003760                             82070512129      000                        1421161105                              000000000000000860040975226000000000000270663101171105              0000000000000000000000000000000000000000000000008600000000000000000000000000001171105                         0000000000000000000000000                                             000032
102021974950001161584870000003760                             82070519123      000                        1421161105                              000000000000000860040975226000000000000270663101171105              0000000000000000000000000000000000000000000000008600000000000000000000000000001171105                         0000000000000000000000000                                             000033
102021974950001161584870000003760                             82070521128      000                        1421161105                              000000000000000860040975226000000000000270663101171105              0000000000000000000000000000000000000000000000008600000000000000000000000000001171105                         0000000000000000000000000                                             000034
102021974950001161584870000003760                             82070526120      000                        1421161105                              000000000000000860040975226000000000000270663101171105              0000000000000000000000000000000000000000000000008600000000000000000000000000001171105                         0000000000000000000000000                                             000035
102021974950001161584870000003760                             82070528122      000                        1421161105                              000000000000000860040975226000000000000270663101171105              0000000000000000000000000000000000000000000000008600000000000000000000000000001171105                         0000000000000000000000000                                             000036
102021974950001161584870000003760                             82090504121      000                        1421161105                              101105000000000375010408770000000000000240655100161105              0000000000000000000000000000000000000000000000003848000000000009800000000000001161105                         0000000000000000000000000                                             000037
102021974950001161584870000003760                             82090719128      000                        1421161105                              101105000000000750010408770000000000000240655100161105              0000000000000000000000000000000000000000000000007695000000000019500000000000001161105                         0000000000000000000000000                                             000038
102021974950001161584870000003760                             82091034129      000                        1421161105                              101105000000000375010408770000000000000125647101171105              0000000000000000000000000000000000000000000000003750000000000000000000000000001171105                         0000000000000000000000000                                             000039
102021974950001161584870000003760                             82120113125      000                        1421161105                              101105000000000550010421245000000000000125647101171105              0000000000000000000000000000000000000000000000005643000000000014300000000000001171105                         0000000000000000000000000                                             000040
102021974950001161584870000003760                             82999026806      000                        1421161105                              301105000000000860075641796000000000000270663101171105              0000000000000000000000000000000000000000000000008600000000000000000000000000001171105                         0000000000000000000000000                                             000041
102021974950001161584870000003760                             82999026865      000                        1421161105                              301105000000000860010408761000000000000125647101171105              0000000000000000000000000000000000000000000000008600000000000000000000000000001171105                         0000000000000000000000000                                             000042
102021974950001161584870000003760                             82999027047      000                        1421111105                              000000000000000860010408761000000000000125647101141105              0000000000000000000000000000000000000000000000008600000000000000000000000000001141105                         0000000000000000000000000                                             000043
102021974950001161584870000003760                             82999028230      000                        1421161105                              301105000000000750006500016000000000000270663101171105              0000000000000000000000000000000000000000000000007500000000000000000000000000001171105                         0000000000000000000000000                                             000044
102021974950001161584870000003760                             82999031028      000                        1421161105                              301105000000000750006500016000000000000270663101171105              0000000000000000000000000000000000000000000000007500000000000000000000000000001171105                         0000000000000000000000000                                             000045
102021974950001161584870000003760                             82999031044      000                        1421161105                              301105000000000750006500016000000000000270663101171105              0000000000000000000000000000000000000000000000007500000000000000000000000000001171105                         0000000000000000000000000                                             000046
102021974950001161584870000003760                             82999031982      000                        1421161105                              181105000000000450010407765000000000000125620101171105              0000000000000000000000000000000000000000000000004500000000000000000000000000001171105                         0000000000000000000000000                                             000047
9201104                                                                                                                                                                                                                                                                                                                                                                                                   000048
