02RETORNO01COBRANCA       1584870000003760    IPAD                          104C ECON FEDERAL 130106                                                                                                                                                                                                                                                                                                 00121000001
102021974950001161584870000003760                             82010126133      000                        1421130106                              100106000000000750010414338000000000000125647101160106              0000000000000000000000000000000000000000000000007672000000000017200000000000001160106                         0000000000000000000000000                                             000002
102021974950001161584870000003760                             82030131132      000                        1421130106                              100106000000000750010424465000000000000240655100130106              0000000000000000000000000000000000000000000000007875000000000037500000000000001130106                         0000000000000000000000000                                             000003
102021974950001161584870000003760                             82040102143      000                        1421130106                              100106000000000430010400523000000000000125647101160106              0000000000000000000000000000000000000000000000004398000000000009800000000000001160106                         0000000000000000000000000                                             000004
102021974950001161584870000003760                             82040113145      000                        1421130106                              100106000000000430010400523000000000000125647101160106              0000000000000000000000000000000000000000000000004399000000000009900000000000001160106                         0000000000000000000000000                                             000005
102021974950001161584870000003760                             82040124147      000                        1421130106                              100106000000000430010400523000000000000125647101160106              0000000000000000000000000000000000000000000000004399000000000009900000000000001160106                         0000000000000000000000000                                             000006
102021974950001161584870000003760                             82040519133      000                        1421130106                              050106000000000860010400523000000000000125647101160106              0000000000000000000000000000000000000000000000008840000000000024000000000000001160106                         0000000000000000000000000                                             000007
102021974950001161584870000003760                             82050103142      000                        1421130106                              100106000000000400006500016000000000000270663101160106              0000000000000000000000000000000000000000000000004000000000000000000000000000001160106                         0000000000000000000000000                                             000008
102021974950001161584870000003760                             82050321131      000                        1421130106                              101205000000000860010427782000000000000125647101160106              0000000000000000000000000000000000000000000000009065000000000046500000000000001160106                         0000000000000000000000000                                             000009
102021974950001161584870000003760                             82060101150      000                        1421130106                              150106000000000860075641796000000000000270663101160106              0000000000000000000000000000000000000000000000008600000000000000000000000000001160106                         0000000000000000000000000                                             000010
102021974950001161584870000003760                             82060107159      000                        1421130106                              150106000000000860010430171000000000000125647101160106              0000000000000000000000000000000000000000000000008600000000000000000000000000001160106                         0000000000000000000000000                                             000011
102021974950001161584870000003760                             82060115151      000                        1421130106                              150106000000000860010430171000000000000125647101160106              0000000000000000000000000000000000000000000000008600000000000000000000000000001160106                         0000000000000000000000000                                             000012
102021974950001161584870000003760                             82060118150      000                        1421130106                              150106000000000860010430171000000000000125647101160106              0000000000000000000000000000000000000000000000008600000000000000000000000000001160106                         0000000000000000000000000                                             000013
102021974950001161584870000003760                             82060147150      000                        1421130106                              150106000000000860010430171000000000000125647101160106              0000000000000000000000000000000000000000000000008600000000000000000000000000001160106                         0000000000000000000000000                                             000014
102021974950001161584870000003760                             82060149153      000                        1421130106                              150106000000000860075641796000000000000270663101160106              0000000000000000000000000000000000000000000000008600000000000000000000000000001160106                         0000000000000000000000000                                             000015
102021974950001161584870000003760                             82060204138      000                        1421130106                              100106000000000860010421911000000000000125647101160106              0000000000000000000000000000000000000000000000008797000000000019700000000000001160106                         0000000000000000000000000                                             000016
102021974950001161584870000003760                             82060227138      000                        1421130106                              100106000000000860010421911000000000000125647101160106              0000000000000000000000000000000000000000000000008797000000000019700000000000001160106                         0000000000000000000000000                                             000017
102021974950001161584870000003760                             82060304132      000                        1421130106                              150106000000000860002410156000000000000270663101160106              0000000000000000000000000000000000000000000000008600000000000000000000000000001160106                         0000000000000000000000000                                             000018
102021974950001161584870000003760                             82060307131      000                        1421130106                              150106000000000860010408761000000000000125647101160106              0000000000000000000000000000000000000000000000008600000000000000000000000000001160106                         0000000000000000000000000                                             000019
102021974950001161584870000003760                             82060309134      000                        1421130106                              150106000000000860006500016000000000000270663101160106              0000000000000000000000000000000000000000000000008600000000000000000000000000001160106                         0000000000000000000000000                                             000020
102021974950001161584870000003760                             82060322130      000                        1421130106                              150106000000000860010408761000000000000125647101160106              0000000000000000000000000000000000000000000000008600000000000000000000000000001160106                         0000000000000000000000000                                             000021
102021974950001161584870000003760                             82070110144      000                        1421130106                              100106000000000860010410308000000000000125647101160106              0000000000000000000000000000000000000000000000008697000000000009700000000000001160106                         0000000000000000000000000                                             000022
102021974950001161584870000003760                             82070209132      000                        1421130106                              101205000000000860010410308000000000000125647101160106              0000000000000000000000000000000000000000000000009064000000000046400000000000001160106                         0000000000000000000000000                                             000023
102021974950001161584870000003760                             82070319140      000                        1421130106                              150106000000000860075641796000000000000270663101160106              0000000000000000000000000000000000000000000000008600000000000000000000000000001160106                         0000000000000000000000000                                             000024
102021974950001161584870000003760                             82070324144      000                        1421130106                              150106000000000860010410286000000000000125647101160106              0000000000000000000000000000000000000000000000008600000000000000000000000000001160106                         0000000000000000000000000                                             000025
102021974950001161584870000003760                             82070512137      000                        1421130106                              151205000000000860010409172000000000000125647101160106              0000000000000000000000000000000000000000000000009021000000000042100000000000001160106                         0000000000000000000000000                                             000026
102021974950001161584870000003760                             82090132143      000                        1421130106                              100106000000000750010400540000000000000125647101160106              0000000000000000000000000000000000000000000000007672000000000017200000000000001160106                         0000000000000000000000000                                             000027
102021974950001161584870000003760                             82090219141      000                        1421130106                              100106000000000750010400540000000000000125647101160106              0000000000000000000000000000000000000000000000007671000000000017100000000000001160106                         0000000000000000000000000                                             000028
102021974950001161584870000003760                             82090510148      000                        1421130106                              100106000000000750010408770000000000000125647101160106              0000000000000000000000000000000000000000000000007805000000000030500000000000001160106                         0000000000000000000000000                                             000029
102021974950001161584870000003760                             82090806128      000                        1421130106                              150106000000000450010408770000000000000125647101160106              0000000000000000000000000000000000000000000000004500000000000000000000000000001160106                         0000000000000000000000000                                             000030
102021974950001161584870000003760                             82090810125      000                        1421130106                              150106000000000450010408770000000000000125647101160106              0000000000000000000000000000000000000000000000004500000000000000000000000000001160106                         0000000000000000000000000                                             000031
102021974950001161584870000003760                             82090812128      000                        1421130106                              150106000000000450010408770000000000000125647101160106              0000000000000000000000000000000000000000000000004500000000000000000000000000001160106                         0000000000000000000000000                                             000032
102021974950001161584870000003760                             82090818126      000                        1421130106                              150106000000000450010408770000000000000125647101160106              0000000000000000000000000000000000000000000000004500000000000000000000000000001160106                         0000000000000000000000000                                             000033
102021974950001161584870000003760                             82090825122      000                        1421130106                              150106000000000450010408770000000000000125647101160106              0000000000000000000000000000000000000000000000004500000000000000000000000000001160106                         0000000000000000000000000                                             000034
102021974950001161584870000003760                             82090827125      000                        1421130106                              150106000000000450010408770000000000000125647101160106              0000000000000000000000000000000000000000000000004500000000000000000000000000001160106                         0000000000000000000000000                                             000035
102021974950001161584870000003760                             82090834121      000                        1421130106                              150106000000000450010408770000000000000125647101160106              0000000000000000000000000000000000000000000000004500000000000000000000000000001160106                         0000000000000000000000000                                             000036
102021974950001161584870000003760                             82091021140      000                        1421130106                              100106000000000750010408770000000000000125647101160106              0000000000000000000000000000000000000000000000007670000000000017000000000000001160106                         0000000000000000000000000                                             000037
102021974950001161584870000003760                             82091203141      000                        1421130106                              100106000000000750010400540000000000000125647101160106              0000000000000000000000000000000000000000000000007671000000000017100000000000001160106                         0000000000000000000000000                                             000038
102021974950001161584870000003760                             82110123136      000                        1421130106                              100106000000000750010407765000000000000125647101160106              0000000000000000000000000000000000000000000000007671000000000017100000000000001160106                         0000000000000000000000000                                             000039
102021974950001161584870000003760                             82110313130      000                        1421130106                              100106000000000860010407765000000000000125647101160106              0000000000000000000000000000000000000000000000008798000000000019800000000000001160106                         0000000000000000000000000                                             000040
102021974950001161584870000003760                             82110322139      000                        1421130106                              100106000000000860010407765000000000000125647101160106              0000000000000000000000000000000000000000000000008799000000000019900000000000001160106                         0000000000000000000000000                                             000041
102021974950001161584870000003760                             82110331138      000                        1421130106                              100106000000000860010407765000000000000240655100130106              0000000000000000000000000000000000000000000000008600000000000000000000000000001130106                         0000000000000000000000000                                             000042
102021974950001161584870000003760                             82120121144      000                        1421130106                              100106000000000650010421245000000000000240655100130106              0000000000000000000000000000000000000000000000006651000000000015100000000000001130106                         0000000000000000000000000                                             000043
102021974950001161584870000003760                             82130209141      000                        1421130106                              101205000000000860010409148000000000000240655100130106              0000000000000000000000000000000000000000000000009065000000000046500000000000001130106                         0000000000000000000000000                                             000044
9201104                                                                                                                                                                                                                                                                                                                                                                                                   000045
