02RETORNO01COBRANCA       1584870000003760    IPAD                          104C ECON FEDERAL 160106                                                                                                                                                                                                                                                                                                 00122000001
102021974950001161584870000003760                             82040330146      000                        1421160106                              100106000000000360010400523000000000000125647101170106              0000000000000000000000000000000000000000000000003690000000000009000000000000001170106                         0000000000000000000000000                                             000002
102021974950001161584870000003760                             82040424132      000                        1421160106                              100106000000000860010400523000000000000125647101170106              0000000000000000000000000000000000000000000000008824000000000022400000000000001170106                         0000000000000000000000000                                             000003
102021974950001161584870000003760                             82050202140      000                        1421160106                              100106000000000400010400531000000000000125647101170106              0000000000000000000000000000000000000000000000004104000000000010400000000000001170106                         0000000000000000000000000                                             000004
102021974950001161584870000003760                             82060143155      000                        1421160106                              150106000000000860075641796000000000000270663101170106              0000000000000000000000000000000000000000000000008600000000000000000000000000001170106                         0000000000000000000000000                                             000005
102021974950001161584870000003760                             82060206130      000                        1421160106                              100106000000000860010421911000000000000125647101170106              0000000000000000000000000000000000000000000000008824000000000022400000000000001170106                         0000000000000000000000000                                             000006
102021974950001161584870000003760                             82060230139      000                        1421160106                              100106000000000860010421911000000000000125647101170106              0000000000000000000000000000000000000000000000008823000000000022300000000000001170106                         0000000000000000000000000                                             000007
102021974950001161584870000003760                             82060305139      000                        1421160106                              150106000000000860010408761000000000000125647101170106              0000000000000000000000000000000000000000000000008600000000000000000000000000001170106                         0000000000000000000000000                                             000008
102021974950001161584870000003760                             82060306135      000                        1421160106                              150106000000000860010408761000000000000125647101170106              0000000000000000000000000000000000000000000000008600000000000000000000000000001170106                         0000000000000000000000000                                             000009
102021974950001161584870000003760                             82060310132      000                        1421160106                              150106000000000860006500016000000000000270663101170106              0000000000000000000000000000000000000000000000008600000000000000000000000000001170106                         0000000000000000000000000                                             000010
102021974950001161584870000003760                             82060313131      000                        1421160106                              150106000000000860010425461000000000000125647101170106              0000000000000000000000000000000000000000000000008600000000000000000000000000001170106                         0000000000000000000000000                                             000011
102021974950001161584870000003760                             82060317137      000                        1421160106                              150106000000000860010406785000000000000125647101170106              0000000000000000000000000000000000000000000000008600000000000000000000000000001170106                         0000000000000000000000000                                             000012
102021974950001161584870000003760                             82060323137      000                        1421160106                              150106000000000860010408761000000000000125647101170106              0000000000000000000000000000000000000000000000008600000000000000000000000000001170106                         0000000000000000000000000                                             000013
102021974950001161584870000003760                             82060325130      000                        1421160106                              150106000000000860075641796000000000000270663101170106              0000000000000000000000000000000000000000000000008600000000000000000000000000001170106                         0000000000000000000000000                                             000014
102021974950001161584870000003760                             82060334139      000                        1421160106                              150106000000000860010408761000000000000125647101170106              0000000000000000000000000000000000000000000000008600000000000000000000000000001170106                         0000000000000000000000000                                             000015
102021974950001161584870000003760                             82070303147      000                        1421160106                              150106000000000860010430171000000000000125647101170106              0000000000000000000000000000000000000000000000008600000000000000000000000000001170106                         0000000000000000000000000                                             000016
102021974950001161584870000003760                             82070306146      000                        1421160106                              000000000000000860040975226000000000000270663101170106              0000000000000000000000000000000000000000000000008600000000000000000000000000001170106                         0000000000000000000000000                                             000017
102021974950001161584870000003760                             82070313142      000                        1421160106                              000000000000000860039928996000000000000270663101170106              0000000000000000000000000000000000000000000000008600000000000000000000000000001170106                         0000000000000000000000000                                             000018
102021974950001161584870000003760                             82070314149      000                        1421160106                              150106000000000860006500016000000000000270663101170106              0000000000000000000000000000000000000000000000008600000000000000000000000000001170106                         0000000000000000000000000                                             000019
102021974950001161584870000003760                             82070320149      000                        1421160106                              000000000000000860040972276000000000000270663101170106              0000000000000000000000000000000000000000000000008600000000000000000000000000001170106                         0000000000000000000000000                                             000020
102021974950001161584870000003760                             82070321145      000                        1421160106                              000000000000000860039928996000000000000270663101170106              0000000000000000000000000000000000000000000000008600000000000000000000000000001170106                         0000000000000000000000000                                             000021
102021974950001161584870000003760                             82070404148      000                        1421160106                              150106000000000860075641796000000000000270663101170106              0000000000000000000000000000000000000000000000008600000000000000000000000000001170106                         0000000000000000000000000                                             000022
102021974950001161584870000003760                             82070419145      000                        1421160106                              000000000000000860040971256000000000000270663101170106              0000000000000000000000000000000000000000000000008600000000000000000000000000001170106                         0000000000000000000000000                                             000023
102021974950001161584870000003760                             82070422146      000                        1421160106                              000000000000000860040975226000000000000270663101170106              0000000000000000000000000000000000000000000000008600000000000000000000000000001170106                         0000000000000000000000000                                             000024
102021974950001161584870000003760                             82070425145      000                        1421160106                              000000000000000860040975226000000000000270663101170106              0000000000000000000000000000000000000000000000008600000000000000000000000000001170106                         0000000000000000000000000                                             000025
102021974950001161584870000003760                             82070502131      000                        1421160106                              151205000000000860010430171000000000000240655100160106              0000000000000000000000000000000000000000000000008780000000000018000000000000001160106                         0000000000000000000000000                                             000026
102021974950001161584870000003760                             82070505149      000                        1421160106                              000000000000000860039928996000000000000270663101170106              0000000000000000000000000000000000000000000000008600000000000000000000000000001170106                         0000000000000000000000000                                             000027
102021974950001161584870000003760                             82070506145      000                        1421160106                              150106000000000860075641796000000000000270663101170106              0000000000000000000000000000000000000000000000008600000000000000000000000000001170106                         0000000000000000000000000                                             000028
102021974950001161584870000003760                             82070519140      000                        1421160106                              000000000000000860040975226000000000000270663101170106              0000000000000000000000000000000000000000000000008600000000000000000000000000001170106                         0000000000000000000000000                                             000029
102021974950001161584870000003760                             82070521144      000                        1421160106                              000000000000000860039928996000000000000270663101170106              0000000000000000000000000000000000000000000000008600000000000000000000000000001170106                         0000000000000000000000000                                             000030
102021974950001161584870000003760                             82070522140      000                        1421160106                              150106000000000860010410308000000000000125647101170106              0000000000000000000000000000000000000000000000008600000000000000000000000000001170106                         0000000000000000000000000                                             000031
102021974950001161584870000003760                             82070528149      000                        1421160106                              000000000000000860040975226000000000000270663101170106              0000000000000000000000000000000000000000000000008600000000000000000000000000001170106                         0000000000000000000000000                                             000032
102021974950001161584870000003760                             82090308144      000                        1421160106                              100106000000000750010407749000000000000125647101170106              0000000000000000000000000000000000000000000000007692000000000019200000000000001170106                         0000000000000000000000000                                             000033
102021974950001161584870000003760                             82090315140      000                        1421160106                              100106000000000750010407749000000000000125647101170106              0000000000000000000000000000000000000000000000007695000000000019500000000000001170106                         0000000000000000000000000                                             000034
102021974950001161584870000003760                             82090328145      000                        1421160106                              100106000000000750010407749000000000000125647101170106              0000000000000000000000000000000000000000000000007692000000000019200000000000001170106                         0000000000000000000000000                                             000035
102021974950001161584870000003760                             82090407142      000                        1421160106                              100106000000000750010400540000000000000125647101170106              0000000000000000000000000000000000000000000000007695000000000019500000000000001170106                         0000000000000000000000000                                             000036
102021974950001161584870000003760                             82090805121      000                        1421160106                              150106000000000450010408770000000000000125647101170106              0000000000000000000000000000000000000000000000004500000000000000000000000000001170106                         0000000000000000000000000                                             000037
102021974950001161584870000003760                             82090808120      000                        1421160106                              150106000000000450010408770000000000000125647101170106              0000000000000000000000000000000000000000000000004500000000000000000000000000001170106                         0000000000000000000000000                                             000038
102021974950001161584870000003760                             82090811121      000                        1421160106                              150106000000000450010408770000000000000125647101170106              0000000000000000000000000000000000000000000000004500000000000000000000000000001170106                         0000000000000000000000000                                             000039
102021974950001161584870000003760                             82090820120      000                        1421160106                              150106000000000450000104466000000000000270663101170106              0000000000000000000000000000000000000000000000004500000000000000000000000000001170106                         0000000000000000000000000                                             000040
102021974950001161584870000003760                             82090835128      000                        1421160106                              150106000000000450010408770000000000000125647101170106              0000000000000000000000000000000000000000000000004500000000000000000000000000001170106                         0000000000000000000000000                                             000041
102021974950001161584870000003760                             82090910146      000                        1421160106                              100106000000000375010408770000000000000125647101170106              0000000000000000000000000000000000000000000000003853000000000010300000000000001170106                         0000000000000000000000000                                             000042
102021974950001161584870000003760                             82091011145      000                        1421160106                              100106000000000375010408770000000000000125647101170106              0000000000000000000000000000000000000000000000003867000000000011700000000000001170106                         0000000000000000000000000                                             000043
102021974950001161584870000003760                             82091023143      000                        1421160106                              100106000000000375010408770000000000000125647101170106              0000000000000000000000000000000000000000000000003850000000000010000000000000001170106                         0000000000000000000000000                                             000044
102021974950001161584870000003760                             82091027165      000                        1421160106                              100306000000000375010408770000000000000125647101170106              0000000000000000000000000000000000000000000000003840000000000009000000000000001170106                         0000000000000000000000000                                             000045
102021974950001161584870000003760                             82091107142      000                        1421160106                              100106000000000750010408770000000000000125647101170106              0000000000000000000000000000000000000000000000007695000000000019500000000000001170106                         0000000000000000000000000                                             000046
102021974950001161584870000003760                             82091215140      000                        1421160106                              100106000000000750010400540000000000000125647101170106              0000000000000000000000000000000000000000000000007678000000000017800000000000001170106                         0000000000000000000000000                                             000047
102021974950001161584870000003760                             82110117136      000                        1421160106                              100106000000000750010407765000000000000125647101170106              0000000000000000000000000000000000000000000000007695000000000019500000000000001170106                         0000000000000000000000000                                             000048
102021974950001161584870000003760                             82110125139      000                        1421160106                              100106000000000750010407765000000000000125647101170106              0000000000000000000000000000000000000000000000007653000000000015300000000000001170106                         0000000000000000000000000                                             000049
102021974950001161584870000003760                             82110309132      000                        1421160106                              100106000000000860010407765000000000000240655100160106              0000000000000000000000000000000000000000000000008826000000000022600000000000001160106                         0000000000000000000000000                                             000050
102021974950001161584870000003760                             82110401136      000                        1421160106                              000000000000000750023716956000000000000270663101170106              0000000000000000000000000000000000000000000000007500000000000000000000000000001170106                         0000000000000000000000000                                             000051
102021974950001161584870000003760                             82110415137      000                        1421160106                              200106000000000750000120676000000000000270663101170106              0000000000000000000000000000000000000000000000007500000000000000000000000000001170106                         0000000000000000000000000                                             000052
9201104                                                                                                                                                                                                                                                                                                                                                                                                   000053
