02RETORNO01COBRANCA       1584870000003760    IPAD                          104C ECON FEDERAL 161106                                                                                                                                                                                                                                                                                                 00330000001
102021974950001161584870000003760                             82000050118      000                        1421161106                              000000000000000760035610286000000000000270663101171106              0000000000000000000000000000000000000000000000007600000000000000000000000000001171106                         0000000000000000000000000                                             000002
102021974950001161584870000003760                             82030212167      000                        1421161106                              101106000000000760010409156000000000000125647101171106              0000000000000000000000000000000000000000000000007787000000000018700000000000001171106                         0000000000000000000000000                                             000003
102021974950001161584870000003760                             82030213163      000                        1421161106                              101106000000000760010407374000000000000125647101171106              0000000000000000000000000000000000000000000000007797000000000019700000000000001171106                         0000000000000000000000000                                             000004
102021974950001161584870000003760                             82030503153      000                        1421161106                              151106000000000760000121336000000000000270663101171106              0000000000000000000000000000000000000000000000007600000000000000000000000000001171106                         0000000000000000000000000                                             000005
102021974950001161584870000003760                             82030504150      000                        1421161106                              151106000000000760007347476000000000000270663101171106              0000000000000000000000000000000000000000000000007600000000000000000000000000001171106                         0000000000000000000000000                                             000006
102021974950001161584870000003760                             82030506152      000                        1421161106                              151106000000000760007347476000000000000270663101171106              0000000000000000000000000000000000000000000000007600000000000000000000000000001171106                         0000000000000000000000000                                             000007
102021974950001161584870000003760                             82030511156      000                        1421161106                              151106000000000760007347476000000000000270663101171106              0000000000000000000000000000000000000000000000007600000000000000000000000000001171106                         0000000000000000000000000                                             000008
102021974950001161584870000003760                             82030522158      000                        1421161106                              151106000000000760010409148000000000000125620101171106              0000000000000000000000000000000000000000000000007600000000000000000000000000001171106                         0000000000000000000000000                                             000009
102021974950001161584870000003760                             82030529152      000                        1421161106                              151106000000000760000121336000000000000270663101171106              0000000000000000000000000000000000000000000000007600000000000000000000000000001171106                         0000000000000000000000000                                             000010
102021974950001161584870000003760                             82030551158      000                        1421161106                              151106000000000760010409148000000000000125620101171106              0000000000000000000000000000000000000000000000007600000000000000000000000000001171106                         0000000000000000000000000                                             000011
102021974950001161584870000003760                             82030840125      000                        1421161106                              171106000000016720000111626000000000000270663101171106              0000000000000000000000000000000000000000000000167200000000000000000000000000001171106                         0000000000000000000000000                                             000012
102021974950001161584870000003760                             82030911146      000                        1421161106                              101006000000000760010407757000000000000125647101171106              0000000000000000000000000000000000000000000000008025000000000042500000000000001171106                         0000000000000000000000000                                             000013
102021974950001161584870000003760                             82031130113      000                        1421161106                              101106000000000760010424465000000000000125647101171106              0000000000000000000000000000000000000000000000007794000000000019400000000000001171106                         0000000000000000000000000                                             000014
102021974950001161584870000003760                             82060912132      000                        1421161106                              100906000000000760010400469000000000000125647101171106              0000000000000000000000000000000000000000000000008262000000000066200000000000001171106                         0000000000000000000000000                                             000015
102021974950001161584870000003760                             82070614150      000                        1421161106                              251006000000000760010409237000000000000125647101171106              0000000000000000000000000000000000000000000000007919000000000031900000000000001171106                         0000000000000000000000000                                             000016
102021974950001161584870000003760                             82070618164      000                        1421161106                              201106000000000760010415830000000000000125647101171106              0000000000000000000000000000000000000000000000007600000000000000000000000000001171106                         0000000000000000000000000                                             000017
102021974950001161584870000003760                             82070620169      000                        1421161106                              201106000000000760010405592000000000000125647101171106              0000000000000000000000000000000000000000000000007600000000000000000000000000001171106                         0000000000000000000000000                                             000018
102021974950001161584870000003760                             82070622153      000                        1421161106                              251006000000000760010405592000000000000125647101171106              0000000000000000000000000000000000000000000000007911000000000031100000000000001171106                         0000000000000000000000000                                             000019
102021974950001161584870000003760                             82070702157      000                        1421161106                              201106000000000760010405592000000000000125647101171106              0000000000000000000000000000000000000000000000007600000000000000000000000000001171106                         0000000000000000000000000                                             000020
102021974950001161584870000003760                             82070715151      000                        1421161106                              201106000000000760010405592000000000000125647101171106              0000000000000000000000000000000000000000000000007600000000000000000000000000001171106                         0000000000000000000000000                                             000021
102021974950001161584870000003760                             82110629170      000                        1421161106                              201006000000000750010407765000000000000125647101171106              0000000000000000000000000000000000000000000000007862000000000036200000000000001171106                         0000000000000000000000000                                             000022
102021974950001161584870000003760                             82110632162      000                        1421161106                              200906000000000750010407765000000000000125647101171106              0000000000000000000000000000000000000000000000008045000000000054500000000000001171106                         0000000000000000000000000                                             000023
102021974950001161584870000003760                             82110725152      000                        1421161106                              301106000000000750010407765000000000000125647101171106              0000000000000000000000000000000000000000000000007500000000000000000000000000001171106                         0000000000000000000000000                                             000024
102021974950001161584870000003760                             82110802165      000                        1421161106                              200906000000000750010407765000000000000125647101171106              0000000000000000000000000000000000000000000000007665000000000016500000000000001171106                         0000000000000000000000000                                             000025
102021974950001161584870000003760                             82111031111      000                        1421161106                              111106000000000760010407765000000000000125647101171106              0000000000000000000000000000000000000000000000007787000000000018700000000000001171106                         0000000000000000000000000                                             000026
102021974950001161584870000003760                             82130413121      000                        1421161106                              101106000000000760010409148000000000000125647101171106              0000000000000000000000000000000000000000000000007797000000000019700000000000001171106                         0000000000000000000000000                                             000027
102021974950001161584870000003760                             82130422120      000                        1421161106                              101106000000000760010407765000000000000125647101171106              0000000000000000000000000000000000000000000000007757000000000015700000000000001171106                         0000000000000000000000000                                             000028
9201104                                                                                                                                                                                                                                                                                                                                                                                                   000029
