02RETORNO01COBRANCA       1584870000003760    IPAD                          104C ECON FEDERAL 161006                                                                                                                                                                                                                                                                                                 00309000001
102021974950001161584870000003760                             82000049594      000                        1421161006                              000000000000000760010409156000000000000125647101171006              0000000000000000000000000000000000000000000000007600000000000000000000000000001171006                         0000000000000000000000000                                             000002
102021974950001161584870000003760                             82010310155      000                        1421161006                              101006000000000660010409148000000000000125647101171006              0000000000000000000000000000000000000000000000006772000000000017200000000000001171006                         0000000000000000000000000                                             000003
102021974950001161584870000003760                             82010313154      000                        1421161006                              161006000000000660006500016000000000000270663101171006              0000000000000000000000000000000000000000000000006600000000000000000000000000001171006                         0000000000000000000000000                                             000004
102021974950001161584870000003760                             82010329158      000                        1421161006                              161006000000002100000110606000000000000270663101171006              0000000000000000000000000000000000000000000000021000000000000000000000000000001171006                         0000000000000000000000000                                             000005
102021974950001161584870000003760                             82030131175      000                        1421161006                              300906000000000750010424465000000000000240655100161006              0000000000000000000000000000000000000000000000007650000000000015000000000000001161006                         0000000000000000000000000                                             000006
102021974950001161584870000003760                             82030232176      000                        1421161006                              101206000000000760023732156000000000000270663101171006              0000000000000000000000000000000000000000000000007600000000000000000000000000001171006                         0000000000000000000000000                                             000007
102021974950001161584870000003760                             82030501142      000                        1421161006                              151006000000000760010409156000000000000125620101171006              0000000000000000000000000000000000000000000000007600000000000000000000000000001171006                         0000000000000000000000000                                             000008
102021974950001161584870000003760                             82030503145      000                        1421161006                              151006000000000760000121336000000000000270663101171006              0000000000000000000000000000000000000000000000007600000000000000000000000000001171006                         0000000000000000000000000                                             000009
102021974950001161584870000003760                             82030504141      000                        1421161006                              151006000000000760007347476000000000000270663101171006              0000000000000000000000000000000000000000000000007600000000000000000000000000001171006                         0000000000000000000000000                                             000010
102021974950001161584870000003760                             82030507140      000                        1421161006                              151006000000000760006500016000000000000270663101171006              0000000000000000000000000000000000000000000000007600000000000000000000000000001171006                         0000000000000000000000000                                             000011
102021974950001161584870000003760                             82030516140      000                        1421161006                              151006000000000760023730526000000000000270663101171006              0000000000000000000000000000000000000000000000007600000000000000000000000000001171006                         0000000000000000000000000                                             000012
102021974950001161584870000003760                             82030529144      000                        1421161006                              151006000000000760000121336000000000000270663101171006              0000000000000000000000000000000000000000000000007600000000000000000000000000001171006                         0000000000000000000000000                                             000013
102021974950001161584870000003760                             82030543147      000                        1421161006                              151006000000000760010409148000000000000125620101171006              0000000000000000000000000000000000000000000000007600000000000000000000000000001171006                         0000000000000000000000000                                             000014
102021974950001161584870000003760                             82030550143      000                        1421161006                              151006000000000760000127026000000000000270663101171006              0000000000000000000000000000000000000000000000007600000000000000000000000000001171006                         0000000000000000000000000                                             000015
102021974950001161584870000003760                             82030804137      000                        1421161006                              151006000000000760000121566000000000000270663101171006              0000000000000000000000000000000000000000000000007600000000000000000000000000001171006                         0000000000000000000000000                                             000016
102021974950001161584870000003760                             82060713172      000                        1421161006                              151006000000000860040908206000000000000270663101171006              0000000000000000000000000000000000000000000000008600000000000000000000000000001171006                         0000000000000000000000000                                             000017
102021974950001161584870000003760                             82070611151      000                        1421161006                              210906000000000760010405592000000000000125647101171006              0000000000000000000000000000000000000000000000007600000000000000000000000000001171006                         0000000000000000000000000                                             000018
102021974950001161584870000003760                             82070612166      000                        1421161006                              211006000000000760006500016000000000000270663101171006              0000000000000000000000000000000000000000000000007600000000000000000000000000001171006                         0000000000000000000000000                                             000019
102021974950001161584870000003760                             82070724142      000                        1421161006                              201006000000000760006500016000000000000270663101171006              0000000000000000000000000000000000000000000000007600000000000000000000000000001171006                         0000000000000000000000000                                             000020
102021974950001161584870000003760                             82090708126      000                        1421161006                              310806000000000750010408770000000000000125647101171006              0000000000000000000000000000000000000000000000007958000000000045800000000000001171006                         0000000000000000000000000                                             000021
102021974950001161584870000003760                             82090708134      000                        1421161006                              310806000000000750010408770000000000000125647101171006              0000000000000000000000000000000000000000000000007958000000000045800000000000001171006                         0000000000000000000000000                                             000022
102021974950001161584870000003760                             82090708142      000                        1421161006                              310806000000000750010408770000000000000125647101171006              0000000000000000000000000000000000000000000000007958000000000045800000000000001171006                         0000000000000000000000000                                             000023
102021974950001161584870000003760                             82090715165      000                        1421161006                              300806000000000750010408770000000000000125647101171006              0000000000000000000000000000000000000000000000007965000000000046500000000000001171006                         0000000000000000000000000                                             000024
102021974950001161584870000003760                             82090715173      000                        1421161006                              100906000000000750010408770000000000000125647101171006              0000000000000000000000000000000000000000000000007888000000000038800000000000001171006                         0000000000000000000000000                                             000025
102021974950001161584870000003760                             82110715149      000                        1421161006                              250706000000000750010407765000000000000125647101171006              0000000000000000000000000000000000000000000000008257000000000075700000000000001171006                         0000000000000000000000000                                             000026
102021974950001161584870000003760                             82110715157      000                        1421161006                              200806000000000750010407765000000000000125647101171006              0000000000000000000000000000000000000000000000008032000000000053200000000000001171006                         0000000000000000000000000                                             000027
102021974950001161584870000003760                             82110808163      000                        1421161006                              200906000000000750010407765000000000000125647101171006              0000000000000000000000000000000000000000000000007830000000000033000000000000001171006                         0000000000000000000000000                                             000028
102021974950001161584870000003760                             82110815160      000                        1421161006                              200906000000000750010407765000000000000125647101171006              0000000000000000000000000000000000000000000000007794000000000029400000000000001171006                         0000000000000000000000000                                             000029
102021974950001161584870000003760                             82110834172      000                        1421161006                              201006000000000750010407765000000000000125647101171006              0000000000000000000000000000000000000000000000007500000000000000000000000000001171006                         0000000000000000000000000                                             000030
102021974950001161584870000003760                             82130419111      000                        1421161006                              101006000000000760010409148000000000000125647101171006              0000000000000000000000000000000000000000000000007797000000000019700000000000001171006                         0000000000000000000000000                                             000031
9201104                                                                                                                                                                                                                                                                                                                                                                                                   000032
