02RETORNO01COBRANCA       1584870000003760    IPAD                          104C ECON FEDERAL 140706                                                                                                                                                                                                                                                                                                 00245000001
102021974950001161584870000003760                             82010314126      000                        1421140706                              160706000000000660000110606000000000000270663101170706              0000000000000000000000000000000000000000000000006600000000000000000000000000001170706                         0000000000000000000000000                                             000002
102021974950001161584870000003760                             82030216120      000                        1421140706                              100706000000000760010409156000000000000240655100140706              0000000000000000000000000000000000000000000000007782000000000018200000000000001140706                         0000000000000000000000000                                             000003
102021974950001161584870000003760                             82030434143      000                        1421140706                              100706000000000760010407757000000000000125647101170706              0000000000000000000000000000000000000000000000007780000000000018000000000000001170706                         0000000000000000000000000                                             000004
102021974950001161584870000003760                             82030501118      000                        1421140706                              150706000000000760010409156000000000000125620101170706              0000000000000000000000000000000000000000000000007600000000000000000000000000001170706                         0000000000000000000000000                                             000005
102021974950001161584870000003760                             82030504117      000                        1421140706                              150706000000000760007347476000000000000270663101170706              0000000000000000000000000000000000000000000000007600000000000000000000000000001170706                         0000000000000000000000000                                             000006
102021974950001161584870000003760                             82030509119      000                        1421140706                              150706000000000760010409156000000000000125620101170706              0000000000000000000000000000000000000000000000007600000000000000000000000000001170706                         0000000000000000000000000                                             000007
102021974950001161584870000003760                             82030511113      000                        1421140706                              150706000000000760007347476000000000000270663101170706              0000000000000000000000000000000000000000000000007600000000000000000000000000001170706                         0000000000000000000000000                                             000008
102021974950001161584870000003760                             82030514112      000                        1421140706                              150706000000000760010409156000000000000125620101170706              0000000000000000000000000000000000000000000000007600000000000000000000000000001170706                         0000000000000000000000000                                             000009
102021974950001161584870000003760                             82030515119      000                        1421140706                              150706000000000760010409156000000000000125620101170706              0000000000000000000000000000000000000000000000007600000000000000000000000000001170706                         0000000000000000000000000                                             000010
102021974950001161584870000003760                             82030522115      000                        1421140706                              150706000000000760010409148000000000000125620101170706              0000000000000000000000000000000000000000000000007600000000000000000000000000001170706                         0000000000000000000000000                                             000011
102021974950001161584870000003760                             82030527176      000                        1421140706                              150107000000000760010409156000000000000125620101170706              0000000000000000000000000000000000000000000000007600000000000000000000000000001170706                         0000000000000000000000000                                             000012
102021974950001161584870000003760                             82030529110      000                        1421140706                              150706000000000760000121336000000000000270663101170706              0000000000000000000000000000000000000000000000007600000000000000000000000000001170706                         0000000000000000000000000                                             000013
102021974950001161584870000003760                             82030530118      000                        1421140706                              150706000000000760000121336000000000000270663101170706              0000000000000000000000000000000000000000000000007600000000000000000000000000001170706                         0000000000000000000000000                                             000014
102021974950001161584870000003760                             82030543112      000                        1421140706                              150706000000000760010409148000000000000125647101170706              0000000000000000000000000000000000000000000000007600000000000000000000000000001170706                         0000000000000000000000000                                             000015
102021974950001161584870000003760                             82030549110      000                        1421140706                              150706000000000760000127026000000000000270663101170706              0000000000000000000000000000000000000000000000007600000000000000000000000000001170706                         0000000000000000000000000                                             000016
102021974950001161584870000003760                             82030922113      000                        1421140706                              100706000000000760010407757000000000000125647101170706              0000000000000000000000000000000000000000000000007784000000000018400000000000001170706                         0000000000000000000000000                                             000017
102021974950001161584870000003760                             82060502112      000                        1421140706                              150706000000000760010409440000000000000125647101170706              0000000000000000000000000000000000000000000000007600000000000000000000000000001170706                         0000000000000000000000000                                             000018
102021974950001161584870000003760                             82060510115      000                        1421140706                              150706000000000760010400485000000000000125647101170706              0000000000000000000000000000000000000000000000007600000000000000000000000000001170706                         0000000000000000000000000                                             000019
102021974950001161584870000003760                             82060511111      000                        1421140706                              000000000000000760039928996000000000000270663101170706              0000000000000000000000000000000000000000000000007600000000000000000000000000001170706                         0000000000000000000000000                                             000020
102021974950001161584870000003760                             82060517110      000                        1421140706                              150706000000000760035601326000000000000270663101170706              0000000000000000000000000000000000000000000000007600000000000000000000000000001170706                         0000000000000000000000000                                             000021
102021974950001161584870000003760                             82060521117      000                        1421140706                              150706000000000760010415830000000000000125647101170706              0000000000000000000000000000000000000000000000007600000000000000000000000000001170706                         0000000000000000000000000                                             000022
102021974950001161584870000003760                             82060523110      000                        1421140706                              150706000000000760010430171000000000000125647101170706              0000000000000000000000000000000000000000000000007600000000000000000000000000001170706                         0000000000000000000000000                                             000023
102021974950001161584870000003760                             82060527115      000                        1421140706                              150706000000000760010400485000000000000125647101170706              0000000000000000000000000000000000000000000000007600000000000000000000000000001170706                         0000000000000000000000000                                             000024
102021974950001161584870000003760                             82060618145      000                        1421140706                              150706000000000750074500016000000000000270663101170706              0000000000000000000000000000000000000000000000007500000000000000000000000000001170706                         0000000000000000000000000                                             000025
102021974950001161584870000003760                             82060716147      000                        1421140706                              150706000000000860006500016000000000000270663101170706              0000000000000000000000000000000000000000000000008600000000000000000000000000001170706                         0000000000000000000000000                                             000026
102021974950001161584870000003760                             82060720144      000                        1421140706                              000000000000000860039928996000000000000270663101170706              0000000000000000000000000000000000000000000000008600000000000000000000000000001170706                         0000000000000000000000000                                             000027
9201104                                                                                                                                                                                                                                                                                                                                                                                                   000028
