02RETORNO01COBRANCA       1584870000003760    IPAD                          104C ECON FEDERAL 160805                                                                                                                                                                                                                                                                                                 00025000001
102021974950001161584870000003760                             82999014255      000                        1421160805                              250805000000000750010408770000000000000125647101170805              0000000000000000000000000000000000000000000000007500000000000000000000000000001170805                         0000000000000000000000000                                             000002
102021974950001161584870000003760                             82999014271      000                        1421160805                              250805000000000750010408770000000000000125647101170805              0000000000000000000000000000000000000000000000007500000000000000000000000000001170805                         0000000000000000000000000                                             000003
102021974950001161584870000003760                             82999014298      000                        1421160805                              250805000000000750010408770000000000000125647101170805              0000000000000000000000000000000000000000000000007500000000000000000000000000001170805                         0000000000000000000000000                                             000004
102021974950001161584870000003760                             82999014310      000                        1421160805                              250805000000000750010408770000000000000125647101170805              0000000000000000000000000000000000000000000000007500000000000000000000000000001170805                         0000000000000000000000000                                             000005
102021974950001161584870000003760                             82999014336      000                        1421160805                              250805000000000750010408770000000000000125647101170805              0000000000000000000000000000000000000000000000007500000000000000000000000000001170805                         0000000000000000000000000                                             000006
102021974950001161584870000003760                             82999014352      000                        1421160805                              250805000000000750010408770000000000000125647101170805              0000000000000000000000000000000000000000000000007500000000000000000000000000001170805                         0000000000000000000000000                                             000007
9201104                                                                                                                                                                                                                                                                                                                                                                                                   000008
