02RETORNO01COBRANCA       1584870000003760    IPAD                          104C ECON FEDERAL 161205                                                                                                                                                                                                                                                                                                 00102000001
102021974950001161584870000003760                             82010119129      000                        1421161205                              101205000000000750010414338000000000000240655100161205              0000000000000000000000000000000000000000000000007698000000000019800000000000001161205                         0000000000000000000000000                                             000002
102021974950001161584870000003760                             82040334133      000                        1421161205                              151205000000000360010400523000000000000125647101191205              0000000000000000000000000000000000000000000000003676000000000007600000000000001191205                         0000000000000000000000000                                             000003
102021974950001161584870000003760                             82040414137      000                        1421161205                              101205000000000860010400523000000000000125647101191205              0000000000000000000000000000000000000000000000008824000000000022400000000000001191205                         0000000000000000000000000                                             000004
102021974950001161584870000003760                             82050330130      000                        1421161205                              101205000000000860010410383000000000000125647101191205              0000000000000000000000000000000000000000000000008820000000000022000000000000001191205                         0000000000000000000000000                                             000005
102021974950001161584870000003760                             82060307123      000                        1421161205                              151205000000000860010408761000000000000240655100161205              0000000000000000000000000000000000000000000000008773000000000017300000000000001161205                         0000000000000000000000000                                             000006
102021974950001161584870000003760                             82060316122      000                        1421161205                              151205000000000860010408761000000000000240655100161205              0000000000000000000000000000000000000000000000008781000000000018100000000000001161205                         0000000000000000000000000                                             000007
102021974950001161584870000003760                             82070101137      000                        1421161205                              101205000000000860010408672000000000000125647101191205              0000000000000000000000000000000000000000000000008824000000000022400000000000001191205                         0000000000000000000000000                                             000008
102021974950001161584870000003760                             82070224131      000                        1421161205                              101205000000000860010406785000000000000125647101191205              0000000000000000000000000000000000000000000000008823000000000022300000000000001191205                         0000000000000000000000000                                             000009
102021974950001161584870000003760                             82070308130      000                        1421161205                              151205000000000860010410308000000000000125647101191205              0000000000000000000000000000000000000000000000008780000000000018000000000000001191205                         0000000000000000000000000                                             000010
102021974950001161584870000003760                             82070325132      000                        1421161205                              151205000000000860010400450000000000000240655100161205              0000000000000000000000000000000000000000000000008780000000000018000000000000001161205                         0000000000000000000000000                                             000011
102021974950001161584870000003760                             82070327135      000                        1421161205                              151205000000000860010412947000000000000125647101191205              0000000000000000000000000000000000000000000000008780000000000018000000000000001191205                         0000000000000000000000000                                             000012
102021974950001161584870000003760                             82090204136      000                        1421161205                              101205000000000750010400540000000000000125647101191205              0000000000000000000000000000000000000000000000007692000000000019200000000000001191205                         0000000000000000000000000                                             000013
102021974950001161584870000003760                             82090315132      000                        1421161205                              101205000000000750010407749000000000000125647101191205              0000000000000000000000000000000000000000000000007695000000000019500000000000001191205                         0000000000000000000000000                                             000014
102021974950001161584870000003760                             82090407134      000                        1421161205                              101205000000000750010400540000000000000125647101191205              0000000000000000000000000000000000000000000000007695000000000019500000000000001191205                         0000000000000000000000000                                             000015
102021974950001161584870000003760                             82090523134      000                        1421161205                              101205000000000375010408770000000000000125647101191205              0000000000000000000000000000000000000000000000003875000000000012500000000000001191205                         0000000000000000000000000                                             000016
102021974950001161584870000003760                             82090724130      000                        1421161205                              101205000000000750010408770000000000000125647101191205              0000000000000000000000000000000000000000000000007692000000000019200000000000001191205                         0000000000000000000000000                                             000017
102021974950001161584870000003760                             82090725128      000                        1421161205                              101105000000000750010408770000000000000125647101191205              0000000000000000000000000000000000000000000000007902000000000040200000000000001191205                         0000000000000000000000000                                             000018
102021974950001161584870000003760                             82090732132      000                        1421161205                              101205000000000750010408770000000000000240655100161205              0000000000000000000000000000000000000000000000007734000000000023400000000000001161205                         0000000000000000000000000                                             000019
102021974950001161584870000003760                             82091001131      000                        1421161205                              101205000000000750010408770000000000000125647101191205              0000000000000000000000000000000000000000000000007690000000000019000000000000001191205                         0000000000000000000000000                                             000020
102021974950001161584870000003760                             82091012133      000                        1421161205                              101205000000000375010408770000000000000125647101191205              0000000000000000000000000000000000000000000000003843000000000009300000000000001191205                         0000000000000000000000000                                             000021
102021974950001161584870000003760                             82091112138      000                        1421161205                              101205000000000750010408770000000000000125647101191205              0000000000000000000000000000000000000000000000007695000000000019500000000000001191205                         0000000000000000000000000                                             000022
102021974950001161584870000003760                             82091123130      000                        1421161205                              101205000000000750010400540000000000000125647101191205              0000000000000000000000000000000000000000000000007500000000000000000000000000001191205                         0000000000000000000000000                                             000023
102021974950001161584870000003760                             82110308128      000                        1421161205                              101205000000000860010407765000000000000240655100161205              0000000000000000000000000000000000000000000000008600000000000000000000000000001161205                         0000000000000000000000000                                             000024
102021974950001161584870000003760                             82110414122      000                        1421161205                              201205000000000750000120676000000000000270663101191205              0000000000000000000000000000000000000000000000007500000000000000000000000000001191205                         0000000000000000000000000                                             000025
102021974950001161584870000003760                             82110415129      000                        1421161205                              201205000000000750000120676000000000000270663101191205              0000000000000000000000000000000000000000000000007500000000000000000000000000001191205                         0000000000000000000000000                                             000026
9201104                                                                                                                                                                                                                                                                                                                                                                                                   000027
