02RETORNO01COBRANCA       1584870000003760    IPAD                          104C ECON FEDERAL 151206                                                                                                                                                                                                                                                                                                 00351000001
102021974950001161584870000003760                             82000049675      000                        1421151206                              000000000000000760010409156000000000000125647101181206              0000000000000000000000000000000000000000000000007600000000000000000000000000001181206                         0000000000000000000000000                                             000002
102021974950001161584870000003760                             82010314177      000                        1421151206                              161206000000000660006500016000000000000270663101181206              0000000000000000000000000000000000000000000000006600000000000000000000000000001181206                         0000000000000000000000000                                             000003
102021974950001161584870000003760                             82030203176      000                        1421151206                              101206000000000760010409156000000000000125647101181206              0000000000000000000000000000000000000000000000007756000000000015600000000000001181206                         0000000000000000000000000                                             000004
102021974950001161584870000003760                             82030503161      000                        1421151206                              151206000000000760000121336000000000000270663101181206              0000000000000000000000000000000000000000000000007600000000000000000000000000001181206                         0000000000000000000000000                                             000005
102021974950001161584870000003760                             82030511172      000                        1421151206                              150107000000000760007347476000000000000270663101181206              0000000000000000000000000000000000000000000000007600000000000000000000000000001181206                         0000000000000000000000000                                             000006
102021974950001161584870000003760                             82030521119      000                        1421151206                              150706000000000760010409156000000000000125647101181206              0000000000000000000000000000000000000000000000008914000000000131400000000000001181206                         0000000000000000000000000                                             000007
102021974950001161584870000003760                             82030529160      000                        1421151206                              151206000000000760000121336000000000000270663101181206              0000000000000000000000000000000000000000000000007600000000000000000000000000001181206                         0000000000000000000000000                                             000008
102021974950001161584870000003760                             82031102128      000                        1421151206                              101206000000000760010424465000000000000240655100151206              0000000000000000000000000000000000000000000000007757000000000015700000000000001151206                         0000000000000000000000000                                             000009
102021974950001161584870000003760                             82031117125      000                        1421151206                              101206000000000760010424465000000000000240655100151206              0000000000000000000000000000000000000000000000007757000000000015700000000000001151206                         0000000000000000000000000                                             000010
102021974950001161584870000003760                             82031118121      000                        1421151206                              101206000000000760010424465000000000000125647101181206              0000000000000000000000000000000000000000000000007787000000000018700000000000001181206                         0000000000000000000000000                                             000011
102021974950001161584870000003760                             82060405168      000                        1421151206                              101206000000000760010430171000000000000240655100151206              0000000000000000000000000000000000000000000000007790000000000019000000000000001151206                         0000000000000000000000000                                             000012
102021974950001161584870000003760                             82060502163      000                        1421151206                              101206000000000760010410308000000000000125647101181206              0000000000000000000000000000000000000000000000007790000000000019000000000000001181206                         0000000000000000000000000                                             000013
102021974950001161584870000003760                             82060615162      000                        1421151206                              000000000000000750039928996000000000000270663101181206              0000000000000000000000000000000000000000000000007500000000000000000000000000001181206                         0000000000000000000000000                                             000014
102021974950001161584870000003760                             82060615170      000                        1421151206                              000000000000000750039928996000000000000270663101181206              0000000000000000000000000000000000000000000000007500000000000000000000000000001181206                         0000000000000000000000000                                             000015
102021974950001161584870000003760                             82060628175      000                        1421151206                              151206000000000750006500016000000000000270663101181206              0000000000000000000000000000000000000000000000007500000000000000000000000000001181206                         0000000000000000000000000                                             000016
102021974950001161584870000003760                             82060633179      000                        1421151206                              000000000000000750039928996000000000000270663101181206              0000000000000000000000000000000000000000000000007500000000000000000000000000001181206                         0000000000000000000000000                                             000017
102021974950001161584870000003760                             82060705161      000                        1421151206                              150906000000000860010406513000000000000125647101181206              0000000000000000000000000000000000000000000000009564000000000096400000000000001181206                         0000000000000000000000000                                             000018
102021974950001161584870000003760                             82061003110      000                        1421151206                              151206000000000760010400540000000000000125647101181206              0000000000000000000000000000000000000000000000007600000000000000000000000000001181206                         0000000000000000000000000                                             000019
102021974950001161584870000003760                             82061011112      000                        1421151206                              151206000000000760010400540000000000000125647101181206              0000000000000000000000000000000000000000000000007600000000000000000000000000001181206                         0000000000000000000000000                                             000020
102021974950001161584870000003760                             82061013115      000                        1421151206                              151206000000000760023717836000000000000270663101181206              0000000000000000000000000000000000000000000000007600000000000000000000000000001181206                         0000000000000000000000000                                             000021
102021974950001161584870000003760                             82061016114      000                        1421151206                              151206000000000760010400540000000000000125647101181206              0000000000000000000000000000000000000000000000007600000000000000000000000000001181206                         0000000000000000000000000                                             000022
102021974950001161584870000003760                             82061020111      000                        1421151206                              151206000000000760010400540000000000000125647101181206              0000000000000000000000000000000000000000000000007600000000000000000000000000001181206                         0000000000000000000000000                                             000023
102021974950001161584870000003760                             82061025113      000                        1421151206                              151206000000000760006500016000000000000270663101181206              0000000000000000000000000000000000000000000000007600000000000000000000000000001181206                         0000000000000000000000000                                             000024
102021974950001161584870000003760                             82061027116      000                        1421151206                              151206000000000760010400540000000000000125647101181206              0000000000000000000000000000000000000000000000007600000000000000000000000000001181206                         0000000000000000000000000                                             000025
102021974950001161584870000003760                             82061028112      000                        1421151206                              151206000000000760010400540000000000000125647101181206              0000000000000000000000000000000000000000000000007600000000000000000000000000001181206                         0000000000000000000000000                                             000026
102021974950001161584870000003760                             82061031113      000                        1421151206                              151206000000000760010400540000000000000125647101181206              0000000000000000000000000000000000000000000000007600000000000000000000000000001181206                         0000000000000000000000000                                             000027
102021974950001161584870000003760                             82061034112      000                        1421151206                              151206000000000380010400540000000000000125647101181206              0000000000000000000000000000000000000000000000003800000000000000000000000000001181206                         0000000000000000000000000                                             000028
102021974950001161584870000003760                             82061036115      000                        1421151206                              151206000000000760010400540000000000000125647101181206              0000000000000000000000000000000000000000000000007600000000000000000000000000001181206                         0000000000000000000000000                                             000029
102021974950001161584870000003760                             82070611178      000                        1421151206                              201206000000000760010405592000000000000125647101181206              0000000000000000000000000000000000000000000000007600000000000000000000000000001181206                         0000000000000000000000000                                             000030
102021974950001161584870000003760                             82070612174      000                        1421151206                              201206000000000760006500016000000000000270663101181206              0000000000000000000000000000000000000000000000007600000000000000000000000000001181206                         0000000000000000000000000                                             000031
102021974950001161584870000003760                             82070620177      000                        1421151206                              201206000000000760010405592000000000000125647101181206              0000000000000000000000000000000000000000000000007600000000000000000000000000001181206                         0000000000000000000000000                                             000032
102021974950001161584870000003760                             82070626175      000                        1421151206                              201206000000000760006500016000000000000270663101181206              0000000000000000000000000000000000000000000000007600000000000000000000000000001181206                         0000000000000000000000000                                             000033
102021974950001161584870000003760                             82070709143      000                        1421151206                              201006000000000760010405592000000000000125647101181206              0000000000000000000000000000000000000000000000008177000000000057700000000000001181206                         0000000000000000000000000                                             000034
102021974950001161584870000003760                             82070715160      000                        1421151206                              201206000000000760010405592000000000000125647101181206              0000000000000000000000000000000000000000000000007600000000000000000000000000001181206                         0000000000000000000000000                                             000035
102021974950001161584870000003760                             82071310112      000                        1421151206                              101106000000000760010421245000000000000125647101181206              0000000000000000000000000000000000000000000000007790000000000019000000000000001181206                         0000000000000000000000000                                             000036
102021974950001161584870000003760                             82110614172      000                        1421151206                              201206000000000750006500016000000000000270663101181206              0000000000000000000000000000000000000000000000007500000000000000000000000000001181206                         0000000000000000000000000                                             000037
102021974950001161584870000003760                             82111031120      000                        1421151206                              111206000000000760010407765000000000000125647101181206              0000000000000000000000000000000000000000000000007782000000000018200000000000001181206                         0000000000000000000000000                                             000038
102021974950001161584870000003760                             82120109152      000                        1421151206                              151206000000000650010415830000000000000240655100151206              0000000000000000000000000000000000000000000000006500000000000000000000000000001151206                         0000000000000000000000000                                             000039
102021974950001161584870000003760                             82130418131      000                        1421151206                              101206000000000760010409148000000000000125647101181206              0000000000000000000000000000000000000000000000007790000000000019000000000000001181206                         0000000000000000000000000                                             000040
9201104                                                                                                                                                                                                                                                                                                                                                                                                   000041
