02RETORNO01COBRANCA       1584870000003760    IPAD                          104C ECON FEDERAL 170406                                                                                                                                                                                                                                                                                                 00184000001
102021974950001161584870000003760                             82000034678      000                        1421170406                              100306000000000750010407765000000000000125647101180406              0000000000000000000000000000000000000000000000007657000000000015700000000000001180406                         0000000000000000000000000                                             000002
102021974950001161584870000003760                             82000034996      000                        1421170406                              100306000000000750010407765000000000000125647101180406              0000000000000000000000000000000000000000000000007938000000000043800000000000001180406                         0000000000000000000000000                                             000003
102021974950001161584870000003760                             82010133156      000                        1421170406                              100306000000000750010414338000000000000125647101180406              0000000000000000000000000000000000000000000000007500000000000000000000000000001180406                         0000000000000000000000000                                             000004
102021974950001161584870000003760                             82030119159      000                        1421170406                              100306000000000750010424465000000000000125647101180406              0000000000000000000000000000000000000000000000007902000000000040200000000000001180406                         0000000000000000000000000                                             000005
102021974950001161584870000003760                             82040102178      000                        1421170406                              100406000000000430010400523000000000000125647101180406              0000000000000000000000000000000000000000000000004414000000000011400000000000001180406                         0000000000000000000000000                                             000006
102021974950001161584870000003760                             82040117175      000                        1421170406                              100406000000000430010400523000000000000125647101180406              0000000000000000000000000000000000000000000000004404000000000010400000000000001180406                         0000000000000000000000000                                             000007
102021974950001161584870000003760                             82040429177      000                        1421170406                              100406000000000860010400523000000000000125647101180406              0000000000000000000000000000000000000000000000008833000000000023300000000000001180406                         0000000000000000000000000                                             000008
102021974950001161584870000003760                             82040522150      000                        1421170406                              150406000000000860010400523000000000000125647101180406              0000000000000000000000000000000000000000000000008600000000000000000000000000001180406                         0000000000000000000000000                                             000009
102021974950001161584870000003760                             82050202167      000                        1421170406                              100306000000000400010400531000000000000125647101180406              0000000000000000000000000000000000000000000000004232000000000023200000000000001180406                         0000000000000000000000000                                             000010
102021974950001161584870000003760                             82050202175      000                        1421170406                              100406000000000400010400531000000000000125647101180406              0000000000000000000000000000000000000000000000004108000000000010800000000000001180406                         0000000000000000000000000                                             000011
102021974950001161584870000003760                             82050316170      000                        1421170406                              100406000000000860010427782000000000000125647101180406              0000000000000000000000000000000000000000000000008918000000000031800000000000001180406                         0000000000000000000000000                                             000012
102021974950001161584870000003760                             82060226166      000                        1421170406                              100406000000000860010421911000000000000125647101180406              0000000000000000000000000000000000000000000000008832000000000023200000000000001180406                         0000000000000000000000000                                             000013
102021974950001161584870000003760                             82060301168      000                        1421170406                              150406000000000860023732066000000000000270663101180406              0000000000000000000000000000000000000000000000008600000000000000000000000000001180406                         0000000000000000000000000                                             000014
102021974950001161584870000003760                             82060305163      000                        1421170406                              150406000000000860010408761000000000000125647101180406              0000000000000000000000000000000000000000000000008600000000000000000000000000001180406                         0000000000000000000000000                                             000015
102021974950001161584870000003760                             82060307166      000                        1421170406                              150406000000000860010408761000000000000125647101180406              0000000000000000000000000000000000000000000000008600000000000000000000000000001180406                         0000000000000000000000000                                             000016
102021974950001161584870000003760                             82060324168      000                        1421170406                              150406000000000860010408761000000000000125647101180406              0000000000000000000000000000000000000000000000008600000000000000000000000000001180406                         0000000000000000000000000                                             000017
102021974950001161584870000003760                             82070321170      000                        1421170406                              150406000000000860006500016000000000000270663101180406              0000000000000000000000000000000000000000000000008600000000000000000000000000001180406                         0000000000000000000000000                                             000018
102021974950001161584870000003760                             82070325175      000                        1421170406                              000000000000000860039928996000000000000270663101180406              0000000000000000000000000000000000000000000000008600000000000000000000000000001180406                         0000000000000000000000000                                             000019
102021974950001161584870000003760                             82070404172      000                        1421170406                              150406000000000860075641796000000000000270663101180406              0000000000000000000000000000000000000000000000008600000000000000000000000000001180406                         0000000000000000000000000                                             000020
102021974950001161584870000003760                             82070410172      000                        1421170406                              150406000000000860010415830000000000000125647101180406              0000000000000000000000000000000000000000000000008600000000000000000000000000001180406                         0000000000000000000000000                                             000021
102021974950001161584870000003760                             82070417177      000                        1421170406                              000000000000000860039928996000000000000270663101180406              0000000000000000000000000000000000000000000000008600000000000000000000000000001180406                         0000000000000000000000000                                             000022
102021974950001161584870000003760                             82070522175      000                        1421170406                              000000000000000860040975226000000000000270663101180406              0000000000000000000000000000000000000000000000008600000000000000000000000000001180406                         0000000000000000000000000                                             000023
102021974950001161584870000003760                             82090303177      000                        1421170406                              100406000000000750010407749000000000000125647101180406              0000000000000000000000000000000000000000000000007703000000000020300000000000001180406                         0000000000000000000000000                                             000024
102021974950001161584870000003760                             82090503176      000                        1421170406                              100406000000000375010408770000000000000125647101180406              0000000000000000000000000000000000000000000000003851000000000010100000000000001180406                         0000000000000000000000000                                             000025
102021974950001161584870000003760                             82090808155      000                        1421170406                              100406000000000450010408770000000000000125647101180406              0000000000000000000000000000000000000000000000004595000000000009500000000000001180406                         0000000000000000000000000                                             000026
102021974950001161584870000003760                             82090812152      000                        1421170406                              100406000000000450010408770000000000000125647101180406              0000000000000000000000000000000000000000000000004597000000000009700000000000001180406                         0000000000000000000000000                                             000027
102021974950001161584870000003760                             82090915172      000                        1421170406                              100406000000000750010408770000000000000125647101180406              0000000000000000000000000000000000000000000000007700000000000020000000000000001180406                         0000000000000000000000000                                             000028
102021974950001161584870000003760                             82090935173      000                        1421170406                              100406000000000750010408770000000000000125647101180406              0000000000000000000000000000000000000000000000007600000000000010000000000000001180406                         0000000000000000000000000                                             000029
102021974950001161584870000003760                             82091001174      000                        1421170406                              100406000000000750010408770000000000000125647101180406              0000000000000000000000000000000000000000000000007685000000000018500000000000001180406                         0000000000000000000000000                                             000030
102021974950001161584870000003760                             82091107177      000                        1421170406                              100406000000000750010408770000000000000125647101180406              0000000000000000000000000000000000000000000000007687000000000018700000000000001180406                         0000000000000000000000000                                             000031
102021974950001161584870000003760                             82091215174      000                        1421170406                              100406000000000750010400540000000000000125647101180406              0000000000000000000000000000000000000000000000007699000000000019900000000000001180406                         0000000000000000000000000                                             000032
102021974950001161584870000003760                             82110109168      000                        1421170406                              100406000000000750010407765000000000000125647101180406              0000000000000000000000000000000000000000000000007703000000000020300000000000001180406                         0000000000000000000000000                                             000033
102021974950001161584870000003760                             82110125163      000                        1421170406                              100406000000000750010407765000000000000125647101180406              0000000000000000000000000000000000000000000000007700000000000020000000000000001180406                         0000000000000000000000000                                             000034
102021974950001161584870000003760                             82110313164      000                        1421170406                              100406000000000860010407765000000000000125647101180406              0000000000000000000000000000000000000000000000008832000000000023200000000000001180406                         0000000000000000000000000                                             000035
102021974950001161584870000003760                             82110326169      000                        1421170406                              100406000000000860010407765000000000000125647101180406              0000000000000000000000000000000000000000000000008835000000000023500000000000001180406                         0000000000000000000000000                                             000036
102021974950001161584870000003760                             82130218175      000                        1421170406                              100306000000000860010409148000000000000125647101180406              0000000000000000000000000000000000000000000000009099000000000049900000000000001180406                         0000000000000000000000000                                             000037
9201104                                                                                                                                                                                                                                                                                                                                                                                                   000038
