02RETORNO01COBRANCA       1584870000003760    IPAD                          104C ECON FEDERAL 181006                                                                                                                                                                                                                                                                                                 00311000001
102021974950001161584870000003760                             82010305151      000                        1421181006                              101006000000000660010409148000000000000125647101191006              0000000000000000000000000000000000000000000000006786000000000018600000000000001191006                         0000000000000000000000000                                             000002
102021974950001161584870000003760                             82010309157      000                        1421181006                              101006000000000660010409148000000000000125647101191006              0000000000000000000000000000000000000000000000006786000000000018600000000000001191006                         0000000000000000000000000                                             000003
102021974950001161584870000003760                             82030224130      000                        1421181006                              100806000000000760010409156000000000000125647101191006              0000000000000000000000000000000000000000000000008312000000000071200000000000001191006                         0000000000000000000000000                                             000004
102021974950001161584870000003760                             82030224149      000                        1421181006                              100906000000000760010409156000000000000125647101191006              0000000000000000000000000000000000000000000000008064000000000046400000000000001191006                         0000000000000000000000000                                             000005
102021974950001161584870000003760                             82030224157      000                        1421181006                              101006000000000760010409156000000000000125647101191006              0000000000000000000000000000000000000000000000007816000000000021600000000000001191006                         0000000000000000000000000                                             000006
102021974950001161584870000003760                             82030320172      000                        1421181006                              300906000000000860010409156000000000000125647101191006              0000000000000000000000000000000000000000000000008916000000000031600000000000001191006                         0000000000000000000000000                                             000007
102021974950001161584870000003760                             82030431179      000                        1421181006                              101006000000000760010407757000000000000125647101191006              0000000000000000000000000000000000000000000000007808000000000020800000000000001191006                         0000000000000000000000000                                             000008
102021974950001161584870000003760                             82060605175      000                        1421181006                              151006000000000750010412424000000000000125647101191006              0000000000000000000000000000000000000000000000007674000000000017400000000000001191006                         0000000000000000000000000                                             000009
102021974950001161584870000003760                             82060905110      000                        1421181006                              100706000000000760010430171000000000000240655100181006              0000000000000000000000000000000000000000000000008512000000000091200000000000001181006                         0000000000000000000000000                                             000010
102021974950001161584870000003760                             82060905128      000                        1421181006                              100806000000000760010430171000000000000240655100181006              0000000000000000000000000000000000000000000000008277000000000067700000000000001181006                         0000000000000000000000000                                             000011
102021974950001161584870000003760                             82060905136      000                        1421181006                              100906000000000760010430171000000000000240655100181006              0000000000000000000000000000000000000000000000008041000000000044100000000000001181006                         0000000000000000000000000                                             000012
102021974950001161584870000003760                             82070707132      000                        1421181006                              200906000000000760010405592000000000000125647101191006              0000000000000000000000000000000000000000000000007964000000000036400000000000001191006                         0000000000000000000000000                                             000013
102021974950001161584870000003760                             82110602174      000                        1421181006                              201006000000000750010407765000000000000125647101191006              0000000000000000000000000000000000000000000000007500000000000000000000000000001191006                         0000000000000000000000000                                             000014
102021974950001161584870000003760                             82110607176      000                        1421181006                              201006000000000750010407765000000000000125647101191006              0000000000000000000000000000000000000000000000007500000000000000000000000000001191006                         0000000000000000000000000                                             000015
102021974950001161584870000003760                             82110615179      000                        1421181006                              201006000000000750010407765000000000000125647101191006              0000000000000000000000000000000000000000000000007500000000000000000000000000001191006                         0000000000000000000000000                                             000016
102021974950001161584870000003760                             82110619174      000                        1421181006                              201006000000000750010407765000000000000125647101191006              0000000000000000000000000000000000000000000000007500000000000000000000000000001191006                         0000000000000000000000000                                             000017
102021974950001161584870000003760                             82110807175      000                        1421181006                              201006000000000750006500016000000000000270663101191006              0000000000000000000000000000000000000000000000007500000000000000000000000000001191006                         0000000000000000000000000                                             000018
102021974950001161584870000003760                             82110819165      000                        1421181006                              200906000000000750010407765000000000000125647101191006              0000000000000000000000000000000000000000000000007818000000000031800000000000001191006                         0000000000000000000000000                                             000019
9201104                                                                                                                                                                                                                                                                                                                                                                                                   000020
