02RETORNO01COBRANCA       1584870000003760    IPAD                          104C ECON FEDERAL 190705                                                                                                                                                                                                                                                                                                 00007000001
102021974950001161584870000003760                             82999375622      000                        1421190705                              100805000000000860010400523000000000000125647101200705              0000000000000000000000000000000000000000000000008600000000000000000000000000001200705                         0000000000000000000000000                                             000002
102021974950001161584870000003760                             82999379067      000                        1421190705                              100805000000000860010430171000000000000125647101200705              0000000000000000000000000000000000000000000000008600000000000000000000000000001200705                         0000000000000000000000000                                             000003
102021974950001161584870000003760                             82999379083      000                        1421190705                              100805000000000860010430171000000000000125647101200705              0000000000000000000000000000000000000000000000008600000000000000000000000000001200705                         0000000000000000000000000                                             000004
102021974950001161584870000003760                             82999381703      000                        1421190705                              100805000000000860006500016000000000000270663101200705              0000000000000000000000000000000000000000000000008600000000000000000000000000001200705                         0000000000000000000000000                                             000005
102021974950001161584870000003760                             82999381746      000                        1421190705                              100805000000000860010409148000000000000125647101200705              0000000000000000000000000000000000000000000000008600000000000000000000000000001200705                         0000000000000000000000000                                             000006
9201104                                                                                                                                                                                                                                                                                                                                                                                                   000007
