02RETORNO01COBRANCA       1584870000003760    IPAD                          104C ECON FEDERAL 180107                                                                                                                                                                                                                                                                                                 00372000001
102021974950001161584870000003760                             82030214160      000                        1421180107                              101106000000000760010409156000000000000240655100180107              0000000000000000000000000000000000000000000000008276000000000067600000000000001180107                         0000000000000000000000000                                             000002
102021974950001161584870000003760                             82030904140      000                        1421180107                              101006000000000760010407757000000000000125647101190107              0000000000000000000000000000000000000000000000008536000000000093600000000000001190107                         0000000000000000000000000                                             000003
102021974950001161584870000003760                             82070715178      000                        1421180107                              200107000000000760010405592000000000000240655100180107              0000000000000000000000000000000000000000000000007600000000000000000000000000001180107                         0000000000000000000000000                                             000004
102021974950001161584870000003760                             82071420139      000                        1421180107                              100107000000000760010421245000000000000125647101190107              0000000000000000000000000000000000000000000000007808000000000020800000000000001190107                         0000000000000000000000000                                             000005
102021974950001161584870000003760                             82071423120      000                        1421180107                              310107000000000760039928996000000000000270663101190107              0000000000000000000000000000000000000000000000007600000000000000000000000000001190107                         0000000000000000000000000                                             000006
102021974950001161584870000003760                             82130430140      000                        1421180107                              100107000000000760010409148000000000000125647101190107              0000000000000000000000000000000000000000000000007752000000000015200000000000001190107                         0000000000000000000000000                                             000007
9201104                                                                                                                                                                                                                                                                                                                                                                                                   000008
