02RETORNO01COBRANCA       1584870000003760    IPAD                          104C ECON FEDERAL 190906                                                                                                                                                                                                                                                                                                 00291000001
102021974950001161584870000003760                             82000046692      000                        1421190906                              000000000000000760039928996000000000000270663101200906              0000000000000000000000000000000000000000000000007600000000000000000000000000001200906                         0000000000000000000000000                                             000002
102021974950001161584870000003760                             82000049225      000                        1421190906                              000000000000000380010400540000000000000125647101200906              0000000000000000000000000000000000000000000000003800000000000000000000000000001200906                         0000000000000000000000000                                             000003
102021974950001161584870000003760                             82000049241      000                        1421190906                              000000000000000380000113636000000000000270663101200906              0000000000000000000000000000000000000000000000003800000000000000000000000000001200906                         0000000000000000000000000                                             000004
102021974950001161584870000003760                             82000049250      000                        1421190906                              000000000000000380000113636000000000000270663101200906              0000000000000000000000000000000000000000000000003800000000000000000000000000001200906                         0000000000000000000000000                                             000005
102021974950001161584870000003760                             82000049268      000                        1421190906                              000000000000000380000113636000000000000270663101200906              0000000000000000000000000000000000000000000000003800000000000000000000000000001200906                         0000000000000000000000000                                             000006
102021974950001161584870000003760                             82000049314      000                        1421190906                              000000000000000380010400540000000000000125647101200906              0000000000000000000000000000000000000000000000003800000000000000000000000000001200906                         0000000000000000000000000                                             000007
102021974950001161584870000003760                             82030723129      000                        1421190906                              100906000000000760010409857000000000000240655100190906              0000000000000000000000000000000000000000000000007824000000000022400000000000001190906                         0000000000000000000000000                                             000008
102021974950001161584870000003760                             82060707164      000                        1421190906                              150906000000000860010400450000000000000125647101200906              0000000000000000000000000000000000000000000000008808000000000020800000000000001200906                         0000000000000000000000000                                             000009
102021974950001161584870000003760                             82060723151      000                        1421190906                              150906000000000860010400450000000000000125647101200906              0000000000000000000000000000000000000000000000008806000000000020600000000000001200906                         0000000000000000000000000                                             000010
102021974950001161584870000003760                             82060920135      000                        1421190906                              100906000000000760010412947000000000000125647101200906              0000000000000000000000000000000000000000000000007600000000000000000000000000001200906                         0000000000000000000000000                                             000011
102021974950001161584870000003760                             82060927113      000                        1421190906                              100806000000000760010400450000000000000240655100190906              0000000000000000000000000000000000000000000000008032000000000043200000000000001190906                         0000000000000000000000000                                             000012
102021974950001161584870000003760                             82060927121      000                        1421190906                              100906000000000760010400450000000000000240655100190906              0000000000000000000000000000000000000000000000007815000000000021500000000000001190906                         0000000000000000000000000                                             000013
102021974950001161584870000003760                             82070610139      000                        1421190906                              210706000000000760010405592000000000000125647101200906              0000000000000000000000000000000000000000000000007600000000000000000000000000001200906                         0000000000000000000000000                                             000014
102021974950001161584870000003760                             82070702130      000                        1421190906                              200906000000000760010405592000000000000125647101200906              0000000000000000000000000000000000000000000000007600000000000000000000000000001200906                         0000000000000000000000000                                             000015
102021974950001161584870000003760                             82070716131      000                        1421190906                              200906000000000760006500016000000000000270663101200906              0000000000000000000000000000000000000000000000007600000000000000000000000000001200906                         0000000000000000000000000                                             000016
102021974950001161584870000003760                             82110710155      000                        1421190906                              200806000000000750010407765000000000000125647101200906              0000000000000000000000000000000000000000000000007875000000000037500000000000001200906                         0000000000000000000000000                                             000017
102021974950001161584870000003760                             82120119166      000                        1421190906                              300906000000000650010421245000000000000125647101200906              0000000000000000000000000000000000000000000000006500000000000000000000000000001200906                         0000000000000000000000000                                             000018
102021974950001161584870000003760                             82120119174      000                        1421190906                              301006000000000650010421245000000000000125647101200906              0000000000000000000000000000000000000000000000006500000000000000000000000000001200906                         0000000000000000000000000                                             000019
9201104                                                                                                                                                                                                                                                                                                                                                                                                   000020
