02RETORNO01COBRANCA       1584870000003760    IPAD                          104C ECON FEDERAL 190107                                                                                                                                                                                                                                                                                                 00373000001
102021974950001161584870000003760                             82031019123      000                        1421190107                              300107000000000760010409148000000000000125620101220107              0000000000000000000000000000000000000000000000007600000000000000000000000000001220107                         0000000000000000000000000                                             000002
102021974950001161584870000003760                             82060414175      000                        1421190107                              100107000000000760010430171000000000000125647101220107              0000000000000000000000000000000000000000000000007820000000000022000000000000001220107                         0000000000000000000000000                                             000003
102021974950001161584870000003760                             82060927130      000                        1421190107                              101006000000000760010400450000000000000240655100190107              0000000000000000000000000000000000000000000000008459000000000085900000000000001190107                         0000000000000000000000000                                             000004
102021974950001161584870000003760                             82060927148      000                        1421190107                              101106000000000760010400450000000000000240655100190107              0000000000000000000000000000000000000000000000008242000000000064200000000000001190107                         0000000000000000000000000                                             000005
102021974950001161584870000003760                             82060927156      000                        1421190107                              101206000000000760010400450000000000000240655100190107              0000000000000000000000000000000000000000000000008032000000000043200000000000001190107                         0000000000000000000000000                                             000006
102021974950001161584870000003760                             82060927164      000                        1421190107                              100107000000000760010400450000000000000240655100190107              0000000000000000000000000000000000000000000000007815000000000021500000000000001190107                         0000000000000000000000000                                             000007
102021974950001161584870000003760                             82061034120      000                        1421190107                              150107000000000760010400540000000000000125647101220107              0000000000000000000000000000000000000000000000007783000000000018300000000000001220107                         0000000000000000000000000                                             000008
102021974950001161584870000003760                             82070723170      000                        1421190107                              200107000000000760006500016000000000000270663101220107              0000000000000000000000000000000000000000000000007600000000000000000000000000001220107                         0000000000000000000000000                                             000009
102021974950001161584870000003760                             82070728172      000                        1421190107                              200107000000000760010405592000000000000125647101220107              0000000000000000000000000000000000000000000000007600000000000000000000000000001220107                         0000000000000000000000000                                             000010
102021974950001161584870000003760                             82071433125      000                        1421190107                              310107000000000760039928996000000000000270663101220107              0000000000000000000000000000000000000000000000007600000000000000000000000000001220107                         0000000000000000000000000                                             000011
102021974950001161584870000003760                             82071433133      000                        1421190107                              190107000000000760039928996000000000000270663101220107              0000000000000000000000000000000000000000000000007600000000000000000000000000001220107                         0000000000000000000000000                                             000012
102021974950001161584870000003760                             82110606170      000                        1421190107                              201006000000000750010407765000000000000125647101220107              0000000000000000000000000000000000000000000000008290000000000079000000000000001220107                         0000000000000000000000000                                             000013
102021974950001161584870000003760                             82111019138      000                        1421190107                              110107000000000760010407765000000000000125647101220107              0000000000000000000000000000000000000000000000007801000000000020100000000000001220107                         0000000000000000000000000                                             000014
102021974950001161584870000003760                             82130411137      000                        1421190107                              101206000000000760010409148000000000000125647101220107              0000000000000000000000000000000000000000000000008056000000000045600000000000001220107                         0000000000000000000000000                                             000015
102021974950001161584870000003760                             82130413130      000                        1421190107                              101206000000000760010409148000000000000125647101220107              0000000000000000000000000000000000000000000000008056000000000045600000000000001220107                         0000000000000000000000000                                             000016
102021974950001161584870000003760                             82130418140      000                        1421190107                              100107000000000760010409148000000000000125647101220107              0000000000000000000000000000000000000000000000007842000000000024200000000000001220107                         0000000000000000000000000                                             000017
9201104                                                                                                                                                                                                                                                                                                                                                                                                   000018
