02RETORNO01COBRANCA       1584870000003760    IPAD                          104C ECON FEDERAL 190307                                                                                                                                                                                                                                                                                                 00411000001
102021974950001161584870000003760                             82000051904      000                        1421190307                              000000000000000800010407757000000000000125647101200307              0000000000000000000000000000000000000000000000008000000000000000000000000000001200307                         0000000000000000000000000                                             000002
102021974950001161584870000003760                             82000053052      000                        1421190307                              000000000000000800010405592000000000000125647101200307              0000000000000000000000000000000000000000000000008000000000000000000000000000001200307                         0000000000000000000000000                                             000003
102021974950001161584870000003760                             82070631152      000                        1421190307                              150207000000000760010405592000000000000125647101200307              0000000000000000000000000000000000000000000000007980000000000038000000000000001200307                         0000000000000000000000000                                             000004
102021974950001161584870000003760                             82110608156      000                        1421190307                              200207000000000750010407765000000000000125647101200307              0000000000000000000000000000000000000000000000007882000000000038200000000000001200307                         0000000000000000000000000                                             000005
9201104                                                                                                                                                                                                                                                                                                                                                                                                   000006
