02RETORNO01COBRANCA       1584870000003760    IPAD                          104C ECON FEDERAL 170107                                                                                                                                                                                                                                                                                                 00371000001
102021974950001161584870000003760                             82030720154      000                        1421170107                              101206000000000760010409148000000000000125647101180107              0000000000000000000000000000000000000000000000007780000000000018000000000000001180107                         0000000000000000000000000                                             000002
102021974950001161584870000003760                             82030803165      000                        1421170107                              150107000000000760010409156000000000000125647101180107              0000000000000000000000000000000000000000000000007767000000000016700000000000001180107                         0000000000000000000000000                                             000003
102021974950001161584870000003760                             82031020113      000                        1421170107                              301206000000000760010400523000000000000125647101180107              0000000000000000000000000000000000000000000000007600000000000000000000000000001180107                         0000000000000000000000000                                             000004
102021974950001161584870000003760                             82031124130      000                        1421170107                              100107000000000760010424465000000000000125647101180107              0000000000000000000000000000000000000000000000007861000000000026100000000000001180107                         0000000000000000000000000                                             000005
102021974950001161584870000003760                             82031129131      000                        1421170107                              100107000000000760010424465000000000000125647101180107              0000000000000000000000000000000000000000000000007801000000000020100000000000001180107                         0000000000000000000000000                                             000006
102021974950001161584870000003760                             82060409171      000                        1421170107                              100107000000000760010400450000000000000125647101180107              0000000000000000000000000000000000000000000000007801000000000020100000000000001180107                         0000000000000000000000000                                             000007
102021974950001161584870000003760                             82060413179      000                        1421170107                              100107000000000760010410308000000000000125647101180107              0000000000000000000000000000000000000000000000007805000000000020500000000000001180107                         0000000000000000000000000                                             000008
102021974950001161584870000003760                             82060908178      000                        1421170107                              100107000000000760010400450000000000000125647101180107              0000000000000000000000000000000000000000000000007801000000000020100000000000001180107                         0000000000000000000000000                                             000009
102021974950001161584870000003760                             82060916170      000                        1421170107                              100107000000000760010400450000000000000240655100170107              0000000000000000000000000000000000000000000000007828000000000022800000000000001170107                         0000000000000000000000000                                             000010
102021974950001161584870000003760                             82091035125      000                        1421170107                              170107000000000375010408770000000000000125647101180107              0000000000000000000000000000000000000000000000003750000000000000000000000000001180107                         0000000000000000000000000                                             000011
102021974950001161584870000003760                             82091035133      000                        1421170107                              170107000000000375010408770000000000000125647101180107              0000000000000000000000000000000000000000000000003750000000000000000000000000001180107                         0000000000000000000000000                                             000012
102021974950001161584870000003760                             82091035141      000                        1421170107                              170107000000000375010408770000000000000125647101180107              0000000000000000000000000000000000000000000000003750000000000000000000000000001180107                         0000000000000000000000000                                             000013
102021974950001161584870000003760                             82091035150      000                        1421170107                              170107000000000375010408770000000000000125647101180107              0000000000000000000000000000000000000000000000003750000000000000000000000000001180107                         0000000000000000000000000                                             000014
102021974950001161584870000003760                             82091035168      000                        1421170107                              170107000000000375010408770000000000000125647101180107              0000000000000000000000000000000000000000000000003750000000000000000000000000001180107                         0000000000000000000000000                                             000015
102021974950001161584870000003760                             82091035176      000                        1421170107                              170107000000000375010408770000000000000125647101180107              0000000000000000000000000000000000000000000000003750000000000000000000000000001180107                         0000000000000000000000000                                             000016
102021974950001161584870000003760                             82110729140      000                        1421170107                              200107000000000750010407765000000000000125647101180107              0000000000000000000000000000000000000000000000007500000000000000000000000000001180107                         0000000000000000000000000                                             000017
102021974950001161584870000003760                             82110818169      000                        1421170107                              200107000000000750010407765000000000000125647101180107              0000000000000000000000000000000000000000000000007500000000000000000000000000001180107                         0000000000000000000000000                                             000018
102021974950001161584870000003760                             82110818177      000                        1421170107                              200107000000000750010407765000000000000125647101180107              0000000000000000000000000000000000000000000000007500000000000000000000000000001180107                         0000000000000000000000000                                             000019
102021974950001161584870000003760                             82130428145      000                        1421170107                              100107000000000760010409148000000000000125647101180107              0000000000000000000000000000000000000000000000007805000000000020500000000000001180107                         0000000000000000000000000                                             000020
9201104                                                                                                                                                                                                                                                                                                                                                                                                   000021
