02RETORNO01COBRANCA       1584870000003760    IPAD                          104C ECON FEDERAL 190406                                                                                                                                                                                                                                                                                                 00186000001
102021974950001161584870000003760                             82000035623      000                        1421190406                              100306000000000750010407765000000000000125647101200406              0000000000000000000000000000000000000000000000007850000000000035000000000000001200406                         0000000000000000000000000                                             000002
102021974950001161584870000003760                             82000042115      000                        1421190406                              000000000000000675010409148000000000000125647101200406              0000000000000000000000000000000000000000000000006750000000000000000000000000001200406                         0000000000000000000000000                                             000003
102021974950001161584870000003760                             82000042263      000                        1421190406                              000000000000000675010409148000000000000125647101200406              0000000000000000000000000000000000000000000000006750000000000000000000000000001200406                         0000000000000000000000000                                             000004
102021974950001161584870000003760                             82030112162      000                        1421190406                              100406000000000750010424465000000000000125647101200406              0000000000000000000000000000000000000000000000007713000000000021300000000000001200406                         0000000000000000000000000                                             000005
102021974950001161584870000003760                             82030121161      000                        1421190406                              100406000000000750010424465000000000000240655100190406              0000000000000000000000000000000000000000000000007660000000000016000000000000001190406                         0000000000000000000000000                                             000006
102021974950001161584870000003760                             82030426116      000                        1421190406                              100406000000000760010407757000000000000125647101200406              0000000000000000000000000000000000000000000000007815000000000021500000000000001200406                         0000000000000000000000000                                             000007
102021974950001161584870000003760                             82040114176      000                        1421190406                              100406000000000430010400523000000000000125647101200406              0000000000000000000000000000000000000000000000004425000000000012500000000000001200406                         0000000000000000000000000                                             000008
102021974950001161584870000003760                             82040123175      000                        1421190406                              100406000000000430010400523000000000000125647101200406              0000000000000000000000000000000000000000000000004398000000000009800000000000001200406                         0000000000000000000000000                                             000009
102021974950001161584870000003760                             82040424167      000                        1421190406                              100406000000000860010400523000000000000125647101200406              0000000000000000000000000000000000000000000000008844000000000024400000000000001200406                         0000000000000000000000000                                             000010
102021974950001161584870000003760                             82050306175      000                        1421190406                              100406000000000860010427782000000000000125647101200406              0000000000000000000000000000000000000000000000008849000000000024900000000000001200406                         0000000000000000000000000                                             000011
102021974950001161584870000003760                             82090207178      000                        1421190406                              100406000000000750010400540000000000000125647101200406              0000000000000000000000000000000000000000000000007725000000000022500000000000001200406                         0000000000000000000000000                                             000012
102021974950001161584870000003760                             82090405166      000                        1421190406                              100306000000000750010400540000000000000125647101200406              0000000000000000000000000000000000000000000000007950000000000045000000000000001200406                         0000000000000000000000000                                             000013
102021974950001161584870000003760                             82090523169      000                        1421190406                              100306000000000375010408770000000000000125647101200406              0000000000000000000000000000000000000000000000003973000000000022300000000000001200406                         0000000000000000000000000                                             000014
102021974950001161584870000003760                             82090602131      000                        1421190406                              300406000000000750007347476000000000000270663101200406              0000000000000000000000000000000000000000000000007500000000000000000000000000001200406                         0000000000000000000000000                                             000015
102021974950001161584870000003760                             82091023178      000                        1421190406                              100406000000000375010408770000000000000125647101200406              0000000000000000000000000000000000000000000000003852000000000010200000000000001200406                         0000000000000000000000000                                             000016
102021974950001161584870000003760                             82130221176      000                        1421190406                              100306000000000860010409148000000000000125647101200406              0000000000000000000000000000000000000000000000009092000000000049200000000000001200406                         0000000000000000000000000                                             000017
9201104                                                                                                                                                                                                                                                                                                                                                                                                   000018
