02RETORNO01COBRANCA       1584870000003760    IPAD                          104C ECON FEDERAL 191206                                                                                                                                                                                                                                                                                                 00353000001
102021974950001161584870000003760                             82000049500      000                        1421191206                              000000000000000760010409156000000000000125647101201206              0000000000000000000000000000000000000000000000007600000000000000000000000000001201206                         0000000000000000000000000                                             000002
102021974950001161584870000003760                             82000049551      000                        1421191206                              000000000000000760010409156000000000000125647101201206              0000000000000000000000000000000000000000000000007600000000000000000000000000001201206                         0000000000000000000000000                                             000003
102021974950001161584870000003760                             82000049624      000                        1421191206                              000000000000000760010409156000000000000125647101201206              0000000000000000000000000000000000000000000000007600000000000000000000000000001201206                         0000000000000000000000000                                             000004
102021974950001161584870000003760                             82000049659      000                        1421191206                              000000000000000760010409156000000000000125647101201206              0000000000000000000000000000000000000000000000007600000000000000000000000000001201206                         0000000000000000000000000                                             000005
102021974950001161584870000003760                             82000049675      000                        1421191206                              000000000000000760000110696000000000000270663101201206              0000000000000000000000000000000000000000000000007600000000000000000000000000001201206                         0000000000000000000000000                                             000006
102021974950001161584870000003760                             82000050053      000                        1421191206                              000000000000000760000110696000000000000270663101201206              0000000000000000000000000000000000000000000000007600000000000000000000000000001201206                         0000000000000000000000000                                             000007
102021974950001161584870000003760                             82030541152      000                        1421191206                              151106000000000760010409148000000000000125647101201206              0000000000000000000000000000000000000000000000008010000000000041000000000000001201206                         0000000000000000000000000                                             000008
102021974950001161584870000003760                             82031130121      000                        1421191206                              101206000000000760010424465000000000000125647101201206              0000000000000000000000000000000000000000000000007815000000000021500000000000001201206                         0000000000000000000000000                                             000009
102021974950001161584870000003760                             82060414167      000                        1421191206                              101206000000000760010430171000000000000125647101201206              0000000000000000000000000000000000000000000000007820000000000022000000000000001201206                         0000000000000000000000000                                             000010
102021974950001161584870000003760                             82060633144      000                        1421191206                              301106000000000750010408672000000000000240655100191206              0000000000000000000000000000000000000000000000007792000000000029200000000000001191206                         0000000000000000000000000                                             000011
102021974950001161584870000003760                             82060905160      000                        1421191206                              101206000000000760010430171000000000000240655100191206              0000000000000000000000000000000000000000000000007821000000000022100000000000001191206                         0000000000000000000000000                                             000012
102021974950001161584870000003760                             82060911160      000                        1421191206                              101206000000000760010408761000000000000125647101201206              0000000000000000000000000000000000000000000000007820000000000022000000000000001201206                         0000000000000000000000000                                             000013
102021974950001161584870000003760                             82061001117      000                        1421191206                              151206000000000760010400540000000000000125647101201206              0000000000000000000000000000000000000000000000007784000000000018400000000000001201206                         0000000000000000000000000                                             000014
102021974950001161584870000003760                             82070415174      000                        1421191206                              201206000000000860010400450000000000000125647101201206              0000000000000000000000000000000000000000000000008600000000000000000000000000001201206                         0000000000000000000000000                                             000015
102021974950001161584870000003760                             82070703161      000                        1421191206                              201206000000000760006500016000000000000270663101201206              0000000000000000000000000000000000000000000000007600000000000000000000000000001201206                         0000000000000000000000000                                             000016
102021974950001161584870000003760                             82090318174      000                        1421191206                              151006000000000750010407749000000000000125647101201206              0000000000000000000000000000000000000000000000008105000000000060500000000000001201206                         0000000000000000000000000                                             000017
9201104                                                                                                                                                                                                                                                                                                                                                                                                   000018
