02RETORNO01COBRANCA       1584870000003760    IPAD                          104C ECON FEDERAL 181105                                                                                                                                                                                                                                                                                                 00082000001
102021974950001161584870000003760                             82040635125      000                        1421181105                              181105000000000860023732126000000000000270663101211105              0000000000000000000000000000000000000000000000008600000000000000000000000000001211105                         0000000000000000000000000                                             000002
102021974950001161584870000003760                             82050138124      000                        1421181105                              181105000000000400010412955000000000000125647101211105              0000000000000000000000000000000000000000000000004000000000000000000000000000001211105                         0000000000000000000000000                                             000003
102021974950001161584870000003760                             82050237122      000                        1421181105                              181105000000026950000116506000000000000270663101211105              0000000000000000000000000000000000000000000000269500000000000000000000000000001211105                         0000000000000000000000000                                             000004
102021974950001161584870000003760                             82050238129      000                        1421181105                              181105000000000400010400531000000000000125647101211105              0000000000000000000000000000000000000000000000004000000000000000000000000000001211105                         0000000000000000000000000                                             000005
102021974950001161584870000003760                             82050328128      000                        1421181105                              101105000000000860010427782000000000000125647101211105              0000000000000000000000000000000000000000000000008840000000000024000000000000001211105                         0000000000000000000000000                                             000006
102021974950001161584870000003760                             82060101134      000                        1421181105                              151105000000000860010430171000000000000240655100181105              0000000000000000000000000000000000000000000000008798000000000019800000000000001181105                         0000000000000000000000000                                             000007
102021974950001161584870000003760                             82070226126      000                        1421181105                              101105000000000860010412947000000000000240655100181105              0000000000000000000000000000000000000000000000008841000000000024100000000000001181105                         0000000000000000000000000                                             000008
102021974950001161584870000003760                             82070329120      000                        1421181105                              151105000000000860010408761000000000000125647101211105              0000000000000000000000000000000000000000000000008798000000000019800000000000001211105                         0000000000000000000000000                                             000009
102021974950001161584870000003760                             82070331124      000                        1421181105                              151105000000000860010415814000000000000125647101211105              0000000000000000000000000000000000000000000000008798000000000019800000000000001211105                         0000000000000000000000000                                             000010
102021974950001161584870000003760                             82070415123      000                        1421181105                              151105000000000860010415806000000000000125647101211105              0000000000000000000000000000000000000000000000008799000000000019900000000000001211105                         0000000000000000000000000                                             000011
102021974950001161584870000003760                             82070524127      000                        1421181105                              151105000000000860010400469000000000000125647101211105              0000000000000000000000000000000000000000000000008796000000000019600000000000001211105                         0000000000000000000000000                                             000012
102021974950001161584870000003760                             82090702128      000                        1421181105                              101105000000000750010408770000000000000125647101211105              0000000000000000000000000000000000000000000000007706000000000020600000000000001211105                         0000000000000000000000000                                             000013
102021974950001161584870000003760                             82120104126      000                        1421181105                              101105000000000550010421245000000000000125647101211105              0000000000000000000000000000000000000000000000005650000000000015000000000000001211105                         0000000000000000000000000                                             000014
102021974950001161584870000003760                             82999026598      000                        1421181105                              301105000000000860010406483000000000000125647101211105              0000000000000000000000000000000000000000000000008600000000000000000000000000001211105                         0000000000000000000000000                                             000015
102021974950001161584870000003760                             82999026660      000                        1421181105                              301105000000000860010400477000000000000125647101211105              0000000000000000000000000000000000000000000000008600000000000000000000000000001211105                         0000000000000000000000000                                             000016
102021974950001161584870000003760                             82999031885      000                        1421181105                              181105000000000450007347476000000000000270663101211105              0000000000000000000000000000000000000000000000004500000000000000000000000000001211105                         0000000000000000000000000                                             000017
102021974950001161584870000003760                             82999031923      000                        1421181105                              181105000000000450010407765000000000000125620101211105              0000000000000000000000000000000000000000000000004500000000000000000000000000001211105                         0000000000000000000000000                                             000018
102021974950001161584870000003760                             82999031931      000                        1421181105                              181105000000000450010407765000000000000125620101211105              0000000000000000000000000000000000000000000000004500000000000000000000000000001211105                         0000000000000000000000000                                             000019
102021974950001161584870000003760                             82999031958      000                        1421181105                              181105000000000450010407765000000000000125620101211105              0000000000000000000000000000000000000000000000004500000000000000000000000000001211105                         0000000000000000000000000                                             000020
102021974950001161584870000003760                             82999031990      000                        1421181105                              181105000000000450010407765000000000000125620101211105              0000000000000000000000000000000000000000000000004500000000000000000000000000001211105                         0000000000000000000000000                                             000021
102021974950001161584870000003760                             82999032008      000                        1421181105                              181105000000000450010407765000000000000125620101211105              0000000000000000000000000000000000000000000000004500000000000000000000000000001211105                         0000000000000000000000000                                             000022
102021974950001161584870000003760                             82999032016      000                        1421181105                              181105000000000450010407765000000000000125620101211105              0000000000000000000000000000000000000000000000004500000000000000000000000000001211105                         0000000000000000000000000                                             000023
102021974950001161584870000003760                             82999032040      000                        1421181105                              181105000000000450010407765000000000000125620101211105              0000000000000000000000000000000000000000000000004500000000000000000000000000001211105                         0000000000000000000000000                                             000024
102021974950001161584870000003760                             82999032067      000                        1421181105                              181105000000000450010407765000000000000125620101211105              0000000000000000000000000000000000000000000000004500000000000000000000000000001211105                         0000000000000000000000000                                             000025
102021974950001161584870000003760                             82999032083      000                        1421181105                              181105000000000450010407765000000000000125620101211105              0000000000000000000000000000000000000000000000004500000000000000000000000000001211105                         0000000000000000000000000                                             000026
102021974950001161584870000003760                             82999032148      000                        1421181105                              181105000000000450010407765000000000000125620101211105              0000000000000000000000000000000000000000000000004500000000000000000000000000001211105                         0000000000000000000000000                                             000027
102021974950001161584870000003760                             82999032164      000                        1421181105                              181105000000000450007347476000000000000270663101211105              0000000000000000000000000000000000000000000000004500000000000000000000000000001211105                         0000000000000000000000000                                             000028
9201104                                                                                                                                                                                                                                                                                                                                                                                                   000029
