02RETORNO01COBRANCA       1584870000003760    IPAD                          104C ECON FEDERAL 200606                                                                                                                                                                                                                                                                                                 00227000001
102021974950001161584870000003760                             82000046064      000                        1421200606                              000000000000000760010409156000000000000125647101210606              0000000000000000000000000000000000000000000000007600000000000000000000000000001210606                         0000000000000000000000000                                             000002
102021974950001161584870000003760                             82010111128      000                        1421200606                              101205000000000375010414338000000000000240655100200606              0000000000000000000000000000000000000000000000004545000000000079500000000000001200606                         0000000000000000000000000                                             000003
102021974950001161584870000003760                             82010111136      000                        1421200606                              100106000000000375010414338000000000000240655100200606              0000000000000000000000000000000000000000000000004469000000000071900000000000001200606                         0000000000000000000000000                                             000004
102021974950001161584870000003760                             82010111144      000                        1421200606                              100206000000000375010414338000000000000240655100200606              0000000000000000000000000000000000000000000000004345000000000059500000000000001200606                         0000000000000000000000000                                             000005
102021974950001161584870000003760                             82010111152      000                        1421200606                              100306000000000375010414338000000000000240655100200606              0000000000000000000000000000000000000000000000004233000000000048300000000000001200606                         0000000000000000000000000                                             000006
102021974950001161584870000003760                             82010111160      000                        1421200606                              100406000000000375010414338000000000000240655100200606              0000000000000000000000000000000000000000000000004109000000000035900000000000001200606                         0000000000000000000000000                                             000007
102021974950001161584870000003760                             82010111179      000                        1421200606                              100506000000000375010414338000000000000240655100200606              0000000000000000000000000000000000000000000000003989000000000023900000000000001200606                         0000000000000000000000000                                             000008
102021974950001161584870000003760                             82060713130      000                        1421200606                              150606000000000860010410308000000000000240655100200606              0000000000000000000000000000000000000000000000008817000000000021700000000000001200606                         0000000000000000000000000                                             000009
102021974950001161584870000003760                             82070605127      000                        1421200606                              210606000000000760010405592000000000000125647101210606              0000000000000000000000000000000000000000000000007600000000000000000000000000001210606                         0000000000000000000000000                                             000010
102021974950001161584870000003760                             82070607120      000                        1421200606                              210606000000000760010405592000000000000125647101210606              0000000000000000000000000000000000000000000000007600000000000000000000000000001210606                         0000000000000000000000000                                             000011
102021974950001161584870000003760                             82070620126      000                        1421200606                              210606000000000760010405592000000000000125647101210606              0000000000000000000000000000000000000000000000007600000000000000000000000000001210606                         0000000000000000000000000                                             000012
102021974950001161584870000003760                             82070623125      000                        1421200606                              210606000000000760010405592000000000000125647101210606              0000000000000000000000000000000000000000000000007600000000000000000000000000001210606                         0000000000000000000000000                                             000013
102021974950001161584870000003760                             82070626124      000                        1421200606                              210606000000000760010405592000000000000125647101210606              0000000000000000000000000000000000000000000000007600000000000000000000000000001210606                         0000000000000000000000000                                             000014
102021974950001161584870000003760                             82090407177      000                        1421200606                              100406000000000750010400540000000000000125647101210606              0000000000000000000000000000000000000000000000008180000000000068000000000000001210606                         0000000000000000000000000                                             000015
102021974950001161584870000003760                             82090628157      000                        1421200606                              100506000000000375010408770000000000000125647101210606              0000000000000000000000000000000000000000000000003980000000000023000000000000001210606                         0000000000000000000000000                                             000016
102021974950001161584870000003760                             82090628165      000                        1421200606                              300506000000000375010408770000000000000125647101210606              0000000000000000000000000000000000000000000000003905000000000015500000000000001210606                         0000000000000000000000000                                             000017
102021974950001161584870000003760                             82110603138      000                        1421200606                              200606000000000750010407765000000000000125647101210606              0000000000000000000000000000000000000000000000007500000000000000000000000000001210606                         0000000000000000000000000                                             000018
102021974950001161584870000003760                             82110617139      000                        1421200606                              200606000000000750035610376000000000000270663101210606              0000000000000000000000000000000000000000000000007500000000000000000000000000001210606                         0000000000000000000000000                                             000019
102021974950001161584870000003760                             82110624135      000                        1421200606                              200606000000000750006500016000000000000270663101210606              0000000000000000000000000000000000000000000000007500000000000000000000000000001210606                         0000000000000000000000000                                             000020
102021974950001161584870000003760                             82110626138      000                        1421200606                              200606000000000750010407765000000000000125647101210606              0000000000000000000000000000000000000000000000007500000000000000000000000000001210606                         0000000000000000000000000                                             000021
102021974950001161584870000003760                             82110711135      000                        1421200606                              200606000000000750010407765000000000000125647101210606              0000000000000000000000000000000000000000000000007500000000000000000000000000001210606                         0000000000000000000000000                                             000022
102021974950001161584870000003760                             82110719136      000                        1421200606                              200606000000000750035610376000000000000270663101210606              0000000000000000000000000000000000000000000000007500000000000000000000000000001210606                         0000000000000000000000000                                             000023
102021974950001161584870000003760                             82110727139      000                        1421200606                              200606000000000750006500016000000000000270663101210606              0000000000000000000000000000000000000000000000007500000000000000000000000000001210606                         0000000000000000000000000                                             000024
102021974950001161584870000003760                             82110728135      000                        1421200606                              200606000000000750010407765000000000000125647101210606              0000000000000000000000000000000000000000000000007500000000000000000000000000001210606                         0000000000000000000000000                                             000025
102021974950001161584870000003760                             82110734135      000                        1421200606                              200606000000000750006500016000000000000270663101210606              0000000000000000000000000000000000000000000000007500000000000000000000000000001210606                         0000000000000000000000000                                             000026
102021974950001161584870000003760                             82110807132      000                        1421200606                              200606000000000750006500016000000000000270663101210606              0000000000000000000000000000000000000000000000007500000000000000000000000000001210606                         0000000000000000000000000                                             000027
102021974950001161584870000003760                             82110816131      000                        1421200606                              200606000000000750006500016000000000000270663101210606              0000000000000000000000000000000000000000000000007500000000000000000000000000001210606                         0000000000000000000000000                                             000028
102021974950001161584870000003760                             82110817138      000                        1421200606                              200606000000000750006500016000000000000270663101210606              0000000000000000000000000000000000000000000000007500000000000000000000000000001210606                         0000000000000000000000000                                             000029
102021974950001161584870000003760                             82110824134      000                        1421200606                              200606000000000750010407765000000000000125647101210606              0000000000000000000000000000000000000000000000007500000000000000000000000000001210606                         0000000000000000000000000                                             000030
102021974950001161584870000003760                             82110826137      000                        1421200606                              200606000000000750006500016000000000000270663101210606              0000000000000000000000000000000000000000000000007500000000000000000000000000001210606                         0000000000000000000000000                                             000031
102021974950001161584870000003760                             82110833133      000                        1421200606                              200606000000000750010407765000000000000125647101210606              0000000000000000000000000000000000000000000000007500000000000000000000000000001210606                         0000000000000000000000000                                             000032
102021974950001161584870000003760                             82110834130      000                        1421200606                              200606000000000750010407765000000000000125647101210606              0000000000000000000000000000000000000000000000007500000000000000000000000000001210606                         0000000000000000000000000                                             000033
9201104                                                                                                                                                                                                                                                                                                                                                                                                   000034
