02RETORNO01COBRANCA       1584870000003760    IPAD                          104C ECON FEDERAL 201205                                                                                                                                                                                                                                                                                                 00104000001
102021974950001161584870000003760                             82040309139      000                        1421201205                              151205000000000360010400523000000000000125647101211205              0000000000000000000000000000000000000000000000003687000000000008700000000000001211205                         0000000000000000000000000                                             000002
102021974950001161584870000003760                             82040427131      000                        1421201205                              101205000000000860010400523000000000000125647101211205              0000000000000000000000000000000000000000000000008858000000000025800000000000001211205                         0000000000000000000000000                                             000003
102021974950001161584870000003760                             82040534132      000                        1421201205                              101205000000000860010400523000000000000125647101211205              0000000000000000000000000000000000000000000000008858000000000025800000000000001211205                         0000000000000000000000000                                             000004
102021974950001161584870000003760                             82060110141      000                        1421201205                              151205000000000860010430171000000000000125647101211205              0000000000000000000000000000000000000000000000008771000000000017100000000000001211205                         0000000000000000000000000                                             000005
102021974950001161584870000003760                             82070132130      000                        1421201205                              101205000000000860010423485000000000000240655100201205              0000000000000000000000000000000000000000000000008858000000000025800000000000001201205                         0000000000000000000000000                                             000006
102021974950001161584870000003760                             82070229133      000                        1421201205                              101205000000000860010423485000000000000240655100201205              0000000000000000000000000000000000000000000000008858000000000025800000000000001201205                         0000000000000000000000000                                             000007
102021974950001161584870000003760                             82070407139      000                        1421201205                              151205000000000860010410308000000000000240655100201205              0000000000000000000000000000000000000000000000008817000000000021700000000000001201205                         0000000000000000000000000                                             000008
102021974950001161584870000003760                             82090207135      000                        1421201205                              101205000000000750010400540000000000000125647101211205              0000000000000000000000000000000000000000000000007720000000000022000000000000001211205                         0000000000000000000000000                                             000009
102021974950001161584870000003760                             82090405140      000                        1421201205                              100106000000000750010400540000000000000125647101211205              0000000000000000000000000000000000000000000000007500000000000000000000000000001211205                         0000000000000000000000000                                             000010
102021974950001161584870000003760                             82110312125      000                        1421201205                              101205000000000860010407765000000000000240655100201205              0000000000000000000000000000000000000000000000008862000000000026200000000000001201205                         0000000000000000000000000                                             000011
102021974950001161584870000003760                             82110403120      000                        1421201205                              201205000000000750010408125000000000000125647101211205              0000000000000000000000000000000000000000000000007500000000000000000000000000001211205                         0000000000000000000000000                                             000012
102021974950001161584870000003760                             82110406120      000                        1421201205                              201205000000000750000106056000000000000270663101211205              0000000000000000000000000000000000000000000000007500000000000000000000000000001211205                         0000000000000000000000000                                             000013
102021974950001161584870000003760                             82110411123      000                        1421201205                              201205000000000750010407765000000000000125647101211205              0000000000000000000000000000000000000000000000007500000000000000000000000000001211205                         0000000000000000000000000                                             000014
102021974950001161584870000003760                             82110416125      000                        1421201205                              201205000000000750006500016000000000000270663101211205              0000000000000000000000000000000000000000000000007500000000000000000000000000001211205                         0000000000000000000000000                                             000015
102021974950001161584870000003760                             82130316150      000                        1421201205                              100106000000000860010409148000000000000125647101211205              0000000000000000000000000000000000000000000000008600000000000000000000000000001211205                         0000000000000000000000000                                             000016
9201104                                                                                                                                                                                                                                                                                                                                                                                                   000017
