02RETORNO01COBRANCA       1584870000003760    IPAD                          104C ECON FEDERAL 201106                                                                                                                                                                                                                                                                                                 00332000001
102021974950001161584870000003760                             82000050118      000                        1421201106                              000000000000000760039928996000000000000270663101211106              0000000000000000000000000000000000000000000000007600000000000000000000000000001211106                         0000000000000000000000000                                             000002
102021974950001161584870000003760                             82030218130      000                        1421201106                              201106000000000760035610466000000000000270663101211106              0000000000000000000000000000000000000000000000007600000000000000000000000000001211106                         0000000000000000000000000                                             000003
102021974950001161584870000003760                             82030218149      000                        1421201106                              201106000000000760035610466000000000000270663101211106              0000000000000000000000000000000000000000000000007600000000000000000000000000001211106                         0000000000000000000000000                                             000004
102021974950001161584870000003760                             82030308164      000                        1421201106                              300806000000000860010409156000000000000125647101211106              0000000000000000000000000000000000000000000000009420000000000082000000000000001211106                         0000000000000000000000000                                             000005
102021974950001161584870000003760                             82030308172      000                        1421201106                              300906000000000860010409156000000000000125647101211106              0000000000000000000000000000000000000000000000009180000000000058000000000000001211106                         0000000000000000000000000                                             000006
102021974950001161584870000003760                             82030804145      000                        1421201106                              151106000000000760010409156000000000000125647101211106              0000000000000000000000000000000000000000000000007775000000000017500000000000001211106                         0000000000000000000000000                                             000007
102021974950001161584870000003760                             82030807144      000                        1421201106                              151106000000000760010409156000000000000125647101211106              0000000000000000000000000000000000000000000000007775000000000017500000000000001211106                         0000000000000000000000000                                             000008
102021974950001161584870000003760                             82060401138      000                        1421201106                              100906000000000760010408761000000000000125647101211106              0000000000000000000000000000000000000000000000008292000000000069200000000000001211106                         0000000000000000000000000                                             000009
102021974950001161584870000003760                             82060631150      000                        1421201106                              231006000000000750010412424000000000000125647101211106              0000000000000000000000000000000000000000000000007860000000000036000000000000001211106                         0000000000000000000000000                                             000010
102021974950001161584870000003760                             82070701150      000                        1421201106                              201106000000000760006500016000000000000270663101211106              0000000000000000000000000000000000000000000000007600000000000000000000000000001211106                         0000000000000000000000000                                             000011
102021974950001161584870000003760                             82070703153      000                        1421201106                              000000000000000760039928996000000000000270663101211106              0000000000000000000000000000000000000000000000007600000000000000000000000000001211106                         0000000000000000000000000                                             000012
102021974950001161584870000003760                             82070704150      000                        1421201106                              201106000000000760006500016000000000000270663101211106              0000000000000000000000000000000000000000000000007600000000000000000000000000001211106                         0000000000000000000000000                                             000013
102021974950001161584870000003760                             82070705156      000                        1421201106                              201106000000000760010415806000000000000125647101211106              0000000000000000000000000000000000000000000000007600000000000000000000000000001211106                         0000000000000000000000000                                             000014
102021974950001161584870000003760                             82070706152      000                        1421201106                              000000000000000760039928996000000000000270663101211106              0000000000000000000000000000000000000000000000007600000000000000000000000000001211106                         0000000000000000000000000                                             000015
102021974950001161584870000003760                             82070712152      000                        1421201106                              201106000000000760006500016000000000000270663101211106              0000000000000000000000000000000000000000000000007600000000000000000000000000001211106                         0000000000000000000000000                                             000016
102021974950001161584870000003760                             82070716158      000                        1421201106                              201106000000000760006500016000000000000270663101211106              0000000000000000000000000000000000000000000000007600000000000000000000000000001211106                         0000000000000000000000000                                             000017
102021974950001161584870000003760                             82070717154      000                        1421201106                              201106000000000760010405592000000000000125647101211106              0000000000000000000000000000000000000000000000007600000000000000000000000000001211106                         0000000000000000000000000                                             000018
102021974950001161584870000003760                             82070719157      000                        1421201106                              201106000000000760035610366000000000000270663101211106              0000000000000000000000000000000000000000000000007600000000000000000000000000001211106                         0000000000000000000000000                                             000019
102021974950001161584870000003760                             82070723154      000                        1421201106                              000000000000000760039928996000000000000270663101211106              0000000000000000000000000000000000000000000000007600000000000000000000000000001211106                         0000000000000000000000000                                             000020
102021974950001161584870000003760                             82110608148      000                        1421201106                              201106000000000750010407765000000000000125647101211106              0000000000000000000000000000000000000000000000007500000000000000000000000000001211106                         0000000000000000000000000                                             000021
102021974950001161584870000003760                             82110618178      000                        1421201106                              201006000000000750010407765000000000000125647101211106              0000000000000000000000000000000000000000000000007880000000000038000000000000001211106                         0000000000000000000000000                                             000022
102021974950001161584870000003760                             82110701156      000                        1421201106                              201106000000000750010407765000000000000125647101211106              0000000000000000000000000000000000000000000000007500000000000000000000000000001211106                         0000000000000000000000000                                             000023
102021974950001161584870000003760                             82110819173      000                        1421201106                              201006000000000750010407765000000000000125647101211106              0000000000000000000000000000000000000000000000007874000000000037400000000000001211106                         0000000000000000000000000                                             000024
102021974950001161584870000003760                             82111025111      000                        1421201106                              111106000000000760010407765000000000000125647101211106              0000000000000000000000000000000000000000000000007892000000000029200000000000001211106                         0000000000000000000000000                                             000025
9201104                                                                                                                                                                                                                                                                                                                                                                                                   000026
