02RETORNO01COBRANCA       1584870000003760    IPAD                          104C ECON FEDERAL 210606                                                                                                                                                                                                                                                                                                 00228000001
102021974950001161584870000003760                             82000042573      000                        1421210606                              000000000000000760010423485000000000000240655100210606              0000000000000000000000000000000000000000000000007600000000000000000000000000001210606                         0000000000000000000000000                                             000002
102021974950001161584870000003760                             82010323117      000                        1421210606                              100606000000000660010409148000000000000125647101220606              0000000000000000000000000000000000000000000000006739000000000013900000000000001220606                         0000000000000000000000000                                             000003
102021974950001161584870000003760                             82030226117      000                        1421210606                              100606000000000760010409156000000000000125647101220606              0000000000000000000000000000000000000000000000007836000000000023600000000000001220606                         0000000000000000000000000                                             000004
102021974950001161584870000003760                             82030424130      000                        1421210606                              100606000000000760010407757000000000000125647101220606              0000000000000000000000000000000000000000000000007835000000000023500000000000001220606                         0000000000000000000000000                                             000005
102021974950001161584870000003760                             82040412126      000                        1421210606                              220606000000000860075641796000000000000270663101220606              0000000000000000000000000000000000000000000000008600000000000000000000000000001220606                         0000000000000000000000000                                             000006
102021974950001161584870000003760                             82040412177      000                        1421210606                              220606000000000860075641796000000000000270663101220606              0000000000000000000000000000000000000000000000008600000000000000000000000000001220606                         0000000000000000000000000                                             000007
102021974950001161584870000003760                             82070602128      000                        1421210606                              210606000000000760010405592000000000000125647101220606              0000000000000000000000000000000000000000000000007600000000000000000000000000001220606                         0000000000000000000000000                                             000008
102021974950001161584870000003760                             82070604120      000                        1421210606                              210606000000000760010405592000000000000125647101220606              0000000000000000000000000000000000000000000000007600000000000000000000000000001220606                         0000000000000000000000000                                             000009
102021974950001161584870000003760                             82070630121      000                        1421210606                              210606000000000760006500016000000000000270663101220606              0000000000000000000000000000000000000000000000007600000000000000000000000000001220606                         0000000000000000000000000                                             000010
102021974950001161584870000003760                             82070631128      000                        1421210606                              210606000000000760010405592000000000000125647101220606              0000000000000000000000000000000000000000000000007600000000000000000000000000001220606                         0000000000000000000000000                                             000011
102021974950001161584870000003760                             82090113173      000                        1421210606                              100406000000000750010400540000000000000125647101220606              0000000000000000000000000000000000000000000000008226000000000072600000000000001220606                         0000000000000000000000000                                             000012
102021974950001161584870000003760                             82090324174      000                        1421210606                              100606000000000750010407749000000000000125647101220606              0000000000000000000000000000000000000000000000007727000000000022700000000000001220606                         0000000000000000000000000                                             000013
102021974950001161584870000003760                             82090422150      000                        1421210606                              300506000000000750010400540000000000000125647101220606              0000000000000000000000000000000000000000000000007804000000000030400000000000001220606                         0000000000000000000000000                                             000014
102021974950001161584870000003760                             82090422168      000                        1421210606                              300506000000000750010400540000000000000125647101220606              0000000000000000000000000000000000000000000000007804000000000030400000000000001220606                         0000000000000000000000000                                             000015
102021974950001161584870000003760                             82110607133      000                        1421210606                              200606000000000750010407765000000000000125647101220606              0000000000000000000000000000000000000000000000007658000000000015800000000000001220606                         0000000000000000000000000                                             000016
102021974950001161584870000003760                             82110622132      000                        1421210606                              200606000000000750010407765000000000000125647101220606              0000000000000000000000000000000000000000000000007658000000000015800000000000001220606                         0000000000000000000000000                                             000017
102021974950001161584870000003760                             82110704139      000                        1421210606                              200606000000000750010407765000000000000125647101220606              0000000000000000000000000000000000000000000000007658000000000015800000000000001220606                         0000000000000000000000000                                             000018
102021974950001161584870000003760                             82110718130      000                        1421210606                              200606000000000750010407765000000000000125647101220606              0000000000000000000000000000000000000000000000007658000000000015800000000000001220606                         0000000000000000000000000                                             000019
102021974950001161584870000003760                             82110811130      000                        1421210606                              200606000000000750010407765000000000000125647101220606              0000000000000000000000000000000000000000000000007658000000000015800000000000001220606                         0000000000000000000000000                                             000020
102021974950001161584870000003760                             82110832137      000                        1421210606                              200606000000000750010407765000000000000125647101220606              0000000000000000000000000000000000000000000000007658000000000015800000000000001220606                         0000000000000000000000000                                             000021
9201104                                                                                                                                                                                                                                                                                                                                                                                                   000022
