02RETORNO01COBRANCA       1584870000003760    IPAD                          104C ECON FEDERAL 211105                                                                                                                                                                                                                                                                                                 00083000001
102021974950001161584870000003760                             82070217127      000                        1421211105                              101105000000000860010400477000000000000125647101221105              0000000000000000000000000000000000000000000000008866000000000026600000000000001221105                         0000000000000000000000000                                             000002
102021974950001161584870000003760                             82070303120      000                        1421211105                              151105000000000860010430171000000000000125647101221105              0000000000000000000000000000000000000000000000008806000000000020600000000000001221105                         0000000000000000000000000                                             000003
102021974950001161584870000003760                             82070315129      000                        1421211105                              151105000000000860010409440000000000000125647101221105              0000000000000000000000000000000000000000000000008822000000000022200000000000001221105                         0000000000000000000000000                                             000004
102021974950001161584870000003760                             82070406124      000                        1421211105                              151105000000000860010400450000000000000125647101221105              0000000000000000000000000000000000000000000000008823000000000022300000000000001221105                         0000000000000000000000000                                             000005
102021974950001161584870000003760                             82070518127      000                        1421211105                              151105000000000860010423485000000000000240655100211105              0000000000000000000000000000000000000000000000008789000000000018900000000000001211105                         0000000000000000000000000                                             000006
102021974950001161584870000003760                             82090615136      000                        1421211105                              101205000000000375010408770000000000000125647101221105              0000000000000000000000000000000000000000000000003750000000000000000000000000001221105                         0000000000000000000000000                                             000007
102021974950001161584870000003760                             82091016120      000                        1421211105                              101105000000000375010408770000000000000125647101221105              0000000000000000000000000000000000000000000000003852000000000010200000000000001221105                         0000000000000000000000000                                             000008
9201104                                                                                                                                                                                                                                                                                                                                                                                                   000009
