02RETORNO01COBRANCA       1584870000003760    IPAD                          104C ECON FEDERAL 210806                                                                                                                                                                                                                                                                                                 00271000001
102021974950001161584870000003760                             82000046307      000                        1421210806                              000000000000000760039928996000000000000270663101220806              0000000000000000000000000000000000000000000000007600000000000000000000000000001220806                         0000000000000000000000000                                             000002
102021974950001161584870000003760                             82010306131      000                        1421210806                              160806000000000660010409148000000000000125647101220806              0000000000000000000000000000000000000000000000006737000000000013700000000000001220806                         0000000000000000000000000                                             000003
102021974950001161584870000003760                             82060626148      000                        1421210806                              150806000000000750010412424000000000000125647101220806              0000000000000000000000000000000000000000000000007695000000000019500000000000001220806                         0000000000000000000000000                                             000004
102021974950001161584870000003760                             82070607146      000                        1421210806                              210806000000000760035610476000000000000270663101220806              0000000000000000000000000000000000000000000000007600000000000000000000000000001220806                         0000000000000000000000000                                             000005
102021974950001161584870000003760                             82070620142      000                        1421210806                              210806000000000760010405592000000000000125647101220806              0000000000000000000000000000000000000000000000007600000000000000000000000000001220806                         0000000000000000000000000                                             000006
102021974950001161584870000003760                             82070626140      000                        1421210806                              210806000000000760010405592000000000000125647101220806              0000000000000000000000000000000000000000000000007600000000000000000000000000001220806                         0000000000000000000000000                                             000007
102021974950001161584870000003760                             82070630148      000                        1421210806                              210806000000000760010405592000000000000125647101220806              0000000000000000000000000000000000000000000000007600000000000000000000000000001220806                         0000000000000000000000000                                             000008
102021974950001161584870000003760                             82070702122      000                        1421210806                              200806000000000760010405592000000000000125647101220806              0000000000000000000000000000000000000000000000007600000000000000000000000000001220806                         0000000000000000000000000                                             000009
102021974950001161584870000003760                             82070717120      000                        1421210806                              200806000000000760010405592000000000000125647101220806              0000000000000000000000000000000000000000000000007600000000000000000000000000001220806                         0000000000000000000000000                                             000010
102021974950001161584870000003760                             82070726129      000                        1421210806                              200806000000000760006500016000000000000270663101220806              0000000000000000000000000000000000000000000000007600000000000000000000000000001220806                         0000000000000000000000000                                             000011
102021974950001161584870000003760                             82070728121      000                        1421210806                              200806000000000760010408672000000000000125647101220806              0000000000000000000000000000000000000000000000007600000000000000000000000000001220806                         0000000000000000000000000                                             000012
102021974950001161584870000003760                             82071203120      000                        1421210806                              100806000000000760010400485000000000000125647101220806              0000000000000000000000000000000000000000000000007829000000000022900000000000001220806                         0000000000000000000000000                                             000013
102021974950001161584870000003760                             82090116156      000                        1421210806                              200806000000000750010400540000000000000125647101220806              0000000000000000000000000000000000000000000000007500000000000000000000000000001220806                         0000000000000000000000000                                             000014
102021974950001161584870000003760                             82090116164      000                        1421210806                              200806000000000750010400540000000000000125647101220806              0000000000000000000000000000000000000000000000007500000000000000000000000000001220806                         0000000000000000000000000                                             000015
102021974950001161584870000003760                             82090116172      000                        1421210806                              300806000000000750010400540000000000000125647101220806              0000000000000000000000000000000000000000000000007500000000000000000000000000001220806                         0000000000000000000000000                                             000016
102021974950001161584870000003760                             82110605149      000                        1421210806                              250706000000000750010407765000000000000125647101220806              0000000000000000000000000000000000000000000000007866000000000036600000000000001220806                         0000000000000000000000000                                             000017
102021974950001161584870000003760                             82110606153      000                        1421210806                              200806000000000750010407765000000000000125647101220806              0000000000000000000000000000000000000000000000007500000000000000000000000000001220806                         0000000000000000000000000                                             000018
102021974950001161584870000003760                             82110607141      000                        1421210806                              250706000000000750010407765000000000000125647101220806              0000000000000000000000000000000000000000000000007842000000000034200000000000001220806                         0000000000000000000000000                                             000019
102021974950001161584870000003760                             82110607150      000                        1421210806                              200806000000000750010407765000000000000125647101220806              0000000000000000000000000000000000000000000000007500000000000000000000000000001220806                         0000000000000000000000000                                             000020
102021974950001161584870000003760                             82110609152      000                        1421210806                              200806000000000750010407765000000000000125647101220806              0000000000000000000000000000000000000000000000007500000000000000000000000000001220806                         0000000000000000000000000                                             000021
102021974950001161584870000003760                             82110614130      000                        1421210806                              200606000000000750010407765000000000000125647101220806              0000000000000000000000000000000000000000000000008146000000000064600000000000001220806                         0000000000000000000000000                                             000022
102021974950001161584870000003760                             82110617155      000                        1421210806                              200806000000000750010407765000000000000125647101220806              0000000000000000000000000000000000000000000000007500000000000000000000000000001220806                         0000000000000000000000000                                             000023
102021974950001161584870000003760                             82110622159      000                        1421210806                              200806000000000750010407765000000000000125647101220806              0000000000000000000000000000000000000000000000007500000000000000000000000000001220806                         0000000000000000000000000                                             000024
102021974950001161584870000003760                             82110628130      000                        1421210806                              200606000000000750010407765000000000000125647101220806              0000000000000000000000000000000000000000000000008146000000000064600000000000001220806                         0000000000000000000000000                                             000025
102021974950001161584870000003760                             82110709149      000                        1421210806                              250706000000000750010407765000000000000125647101220806              0000000000000000000000000000000000000000000000007866000000000036600000000000001220806                         0000000000000000000000000                                             000026
102021974950001161584870000003760                             82110711151      000                        1421210806                              200806000000000750010407765000000000000125647101220806              0000000000000000000000000000000000000000000000007500000000000000000000000000001220806                         0000000000000000000000000                                             000027
102021974950001161584870000003760                             82110718156      000                        1421210806                              200806000000000750010407765000000000000125647101220806              0000000000000000000000000000000000000000000000007500000000000000000000000000001220806                         0000000000000000000000000                                             000028
102021974950001161584870000003760                             82110722153      000                        1421210806                              200806000000000750010407765000000000000125647101220806              0000000000000000000000000000000000000000000000007500000000000000000000000000001220806                         0000000000000000000000000                                             000029
102021974950001161584870000003760                             82110807159      000                        1421210806                              200806000000000750000106056000000000000270663101220806              0000000000000000000000000000000000000000000000007500000000000000000000000000001220806                         0000000000000000000000000                                             000030
102021974950001161584870000003760                             82110810141      000                        1421210806                              250706000000000750010407765000000000000125647101220806              0000000000000000000000000000000000000000000000007842000000000034200000000000001220806                         0000000000000000000000000                                             000031
102021974950001161584870000003760                             82110819149      000                        1421210806                              250706000000000750010407765000000000000125647101220806              0000000000000000000000000000000000000000000000007850000000000035000000000000001220806                         0000000000000000000000000                                             000032
102021974950001161584870000003760                             82110834156      000                        1421210806                              200806000000000750010407765000000000000125647101220806              0000000000000000000000000000000000000000000000007500000000000000000000000000001220806                         0000000000000000000000000                                             000033
9201104                                                                                                                                                                                                                                                                                                                                                                                                   000034
