02RETORNO01COBRANCA       1584870000003760    IPAD                          104C ECON FEDERAL 220306                                                                                                                                                                                                                                                                                                 00167000001
102021974950001161584870000003760                             82050120152      000                        1421220306                              240206000000000400010412955000000000000240655100220306              0000000000000000000000000000000000000000000000004188000000000018800000000000001220306                         0000000000000000000000000                                             000002
102021974950001161584870000003760                             82050120160      000                        1421220306                              100306000000000400010412955000000000000240655100220306              0000000000000000000000000000000000000000000000004128000000000012800000000000001220306                         0000000000000000000000000                                             000003
102021974950001161584870000003760                             82070119168      000                        1421220306                              240306000000000860010400485000000000000125647101230306              0000000000000000000000000000000000000000000000008600000000000000000000000000001230306                         0000000000000000000000000                                             000004
102021974950001161584870000003760                             82070216147      000                        1421220306                              100106000000000860010400450000000000000240655100220306              0000000000000000000000000000000000000000000000009411000000000081100000000000001220306                         0000000000000000000000000                                             000005
102021974950001161584870000003760                             82070425161      000                        1421220306                              150306000000000860010410286000000000000125647101230306              0000000000000000000000000000000000000000000000008832000000000023200000000000001230306                         0000000000000000000000000                                             000006
102021974950001161584870000003760                             82090216150      000                        1421220306                              100206000000000750010412424000000000000125647101230306              0000000000000000000000000000000000000000000000007950000000000045000000000000001230306                         0000000000000000000000000                                             000007
102021974950001161584870000003760                             82090407150      000                        1421220306                              100206000000000750010400540000000000000125647101230306              0000000000000000000000000000000000000000000000007950000000000045000000000000001230306                         0000000000000000000000000                                             000008
102021974950001161584870000003760                             82090407169      000                        1421220306                              100306000000000750010400540000000000000125647101230306              0000000000000000000000000000000000000000000000007740000000000024000000000000001230306                         0000000000000000000000000                                             000009
102021974950001161584870000003760                             82090604177      000                        1421220306                              100406000000000375010408770000000000000125647101230306              0000000000000000000000000000000000000000000000003750000000000000000000000000001230306                         0000000000000000000000000                                             000010
102021974950001161584870000003760                             82090622175      000                        1421220306                              100406000000000375010408770000000000000125647101230306              0000000000000000000000000000000000000000000000003750000000000000000000000000001230306                         0000000000000000000000000                                             000011
102021974950001161584870000003760                             82090624178      000                        1421220306                              100406000000000375006500016000000000000270663101230306              0000000000000000000000000000000000000000000000003750000000000000000000000000001230306                         0000000000000000000000000                                             000012
102021974950001161584870000003760                             82090628173      000                        1421220306                              100406000000000375006500016000000000000270663101230306              0000000000000000000000000000000000000000000000003750000000000000000000000000001230306                         0000000000000000000000000                                             000013
102021974950001161584870000003760                             82090629170      000                        1421220306                              100406000000000375010408770000000000000125647101230306              0000000000000000000000000000000000000000000000003750000000000000000000000000001230306                         0000000000000000000000000                                             000014
102021974950001161584870000003760                             82110115150      000                        1421220306                              100306000000000750010407765000000000000125647101230306              0000000000000000000000000000000000000000000000007734000000000023400000000000001230306                         0000000000000000000000000                                             000015
102021974950001161584870000003760                             82110120145      000                        1421220306                              100206000000000750010407765000000000000125647101230306              0000000000000000000000000000000000000000000000007986000000000048600000000000001230306                         0000000000000000000000000                                             000016
102021974950001161584870000003760                             82110301140      000                        1421220306                              100206000000000860010407765000000000000125647101230306              0000000000000000000000000000000000000000000000009092000000000049200000000000001230306                         0000000000000000000000000                                             000017
102021974950001161584870000003760                             82110416150      000                        1421220306                              200306000000000750010407765000000000000240655100220306              0000000000000000000000000000000000000000000000007652000000000015200000000000001220306                         0000000000000000000000000                                             000018
9201104                                                                                                                                                                                                                                                                                                                                                                                                   000019
