02RETORNO01COBRANCA       1584870000003760    IPAD                          104C ECON FEDERAL 221105                                                                                                                                                                                                                                                                                                 00084000001
102021974950001161584870000003760                             82040308124      000                        1421221105                              251105000000000360010400523000000000000125647101231105              0000000000000000000000000000000000000000000000003600000000000000000000000000001231105                         0000000000000000000000000                                             000002
102021974950001161584870000003760                             82040311125      000                        1421221105                              251105000000000360010400523000000000000125647101231105              0000000000000000000000000000000000000000000000003600000000000000000000000000001231105                         0000000000000000000000000                                             000003
102021974950001161584870000003760                             82040313128      000                        1421221105                              251105000000000360010400523000000000000125647101231105              0000000000000000000000000000000000000000000000003600000000000000000000000000001231105                         0000000000000000000000000                                             000004
102021974950001161584870000003760                             82040314124      000                        1421221105                              251105000000000360010400523000000000000125647101231105              0000000000000000000000000000000000000000000000003600000000000000000000000000001231105                         0000000000000000000000000                                             000005
102021974950001161584870000003760                             82040315120      000                        1421221105                              251105000000000360010400523000000000000125647101231105              0000000000000000000000000000000000000000000000003600000000000000000000000000001231105                         0000000000000000000000000                                             000006
102021974950001161584870000003760                             82040317123      000                        1421221105                              251105000000000360010400523000000000000125647101231105              0000000000000000000000000000000000000000000000003600000000000000000000000000001231105                         0000000000000000000000000                                             000007
102021974950001161584870000003760                             82040319126      000                        1421221105                              251105000000000360010400523000000000000125647101231105              0000000000000000000000000000000000000000000000003600000000000000000000000000001231105                         0000000000000000000000000                                             000008
102021974950001161584870000003760                             82040334125      000                        1421221105                              251105000000000360006500016000000000000270663101231105              0000000000000000000000000000000000000000000000003600000000000000000000000000001231105                         0000000000000000000000000                                             000009
102021974950001161584870000003760                             82040413122      000                        1421221105                              181105000000000860010400523000000000000240655100221105              0000000000000000000000000000000000000000000000008804000000000020400000000000001221105                         0000000000000000000000000                                             000010
102021974950001161584870000003760                             82060110133      000                        1421221105                              151105000000000860010430171000000000000125647101231105              0000000000000000000000000000000000000000000000008779000000000017900000000000001231105                         0000000000000000000000000                                             000011
102021974950001161584870000003760                             82090604134      000                        1421221105                              101205000000000375010408770000000000000125647101231105              0000000000000000000000000000000000000000000000003750000000000000000000000000001231105                         0000000000000000000000000                                             000012
102021974950001161584870000003760                             82091027122      000                        1421221105                              181105000000000375010408770000000000000125647101231105              0000000000000000000000000000000000000000000000003840000000000009000000000000001231105                         0000000000000000000000000                                             000013
9201104                                                                                                                                                                                                                                                                                                                                                                                                   000014
