02RETORNO01COBRANCA       1584870000003760    IPAD                          104C ECON FEDERAL 220606                                                                                                                                                                                                                                                                                                 00229000001
102021974950001161584870000003760                             82000045955      000                        1421220606                              000000000000000760010412947000000000000125647101230606              0000000000000000000000000000000000000000000000007600000000000000000000000000001230606                         0000000000000000000000000                                             000002
102021974950001161584870000003760                             82010113171      000                        1421220606                              100506000000000750010414338000000000000240655100220606              0000000000000000000000000000000000000000000000007973000000000047300000000000001220606                         0000000000000000000000000                                             000003
102021974950001161584870000003760                             82010311119      000                        1421220606                              100606000000000660010409148000000000000125647101230606              0000000000000000000000000000000000000000000000006744000000000014400000000000001230606                         0000000000000000000000000                                             000004
102021974950001161584870000003760                             82060701131      000                        1421220606                              150606000000000860010406483000000000000125647101230606              0000000000000000000000000000000000000000000000008600000000000000000000000000001230606                         0000000000000000000000000                                             000005
102021974950001161584870000003760                             82060707130      000                        1421220606                              150606000000000860010400477000000000000125647101230606              0000000000000000000000000000000000000000000000008832000000000023200000000000001230606                         0000000000000000000000000                                             000006
102021974950001161584870000003760                             82060722120      000                        1421220606                              150606000000000860010400450000000000000125647101230606              0000000000000000000000000000000000000000000000008832000000000023200000000000001230606                         0000000000000000000000000                                             000007
102021974950001161584870000003760                             82070619128      000                        1421220606                              210606000000000760010405592000000000000125647101230606              0000000000000000000000000000000000000000000000007759000000000015900000000000001230606                         0000000000000000000000000                                             000008
102021974950001161584870000003760                             82090814163      000                        1421220606                              100506000000000450010408770000000000000125647101230606              0000000000000000000000000000000000000000000000004612000000000011200000000000001230606                         0000000000000000000000000                                             000009
102021974950001161584870000003760                             82110318123      000                        1421220606                              200606000000000860010407765000000000000125647101230606              0000000000000000000000000000000000000000000000008789000000000018900000000000001230606                         0000000000000000000000000                                             000010
102021974950001161584870000003760                             82110318131      000                        1421220606                              200606000000000860010407765000000000000125647101230606              0000000000000000000000000000000000000000000000008789000000000018900000000000001230606                         0000000000000000000000000                                             000011
102021974950001161584870000003760                             82110709130      000                        1421220606                              200606000000000750010407765000000000000125647101230606              0000000000000000000000000000000000000000000000007666000000000016600000000000001230606                         0000000000000000000000000                                             000012
102021974950001161584870000003760                             82110726132      000                        1421220606                              200606000000000750010407765000000000000125647101230606              0000000000000000000000000000000000000000000000007666000000000016600000000000001230606                         0000000000000000000000000                                             000013
102021974950001161584870000003760                             82110802130      000                        1421220606                              200606000000000750010407765000000000000125647101230606              0000000000000000000000000000000000000000000000007666000000000016600000000000001230606                         0000000000000000000000000                                             000014
102021974950001161584870000003760                             82110827133      000                        1421220606                              200606000000000750010407765000000000000125647101230606              0000000000000000000000000000000000000000000000007666000000000016600000000000001230606                         0000000000000000000000000                                             000015
9201104                                                                                                                                                                                                                                                                                                                                                                                                   000016
