02RETORNO01COBRANCA       1584870000003760    IPAD                          104C ECON FEDERAL 230207                                                                                                                                                                                                                                                                                                 00395000001
102021974950001161584870000003760                             82000051378      000                        1421230207                              000000000000000800010400531000000000000125647101260207              0000000000000000000000000000000000000000000000008000000000000000000000000000001260207                         0000000000000000000000000                                             000002
102021974950001161584870000003760                             82000051386      000                        1421230207                              000000000000000800010400531000000000000125647101260207              0000000000000000000000000000000000000000000000008000000000000000000000000000001260207                         0000000000000000000000000                                             000003
102021974950001161584870000003760                             82000051785      000                        1421230207                              000000000000000800039928996000000000000270663101260207              0000000000000000000000000000000000000000000000008000000000000000000000000000001260207                         0000000000000000000000000                                             000004
102021974950001161584870000003760                             82000051807      000                        1421230207                              000000000000000800010407757000000000000125647101260207              0000000000000000000000000000000000000000000000008000000000000000000000000000001260207                         0000000000000000000000000                                             000005
102021974950001161584870000003760                             82000051947      000                        1421230207                              000000000000000800010407757000000000000125647101260207              0000000000000000000000000000000000000000000000008000000000000000000000000000001260207                         0000000000000000000000000                                             000006
102021974950001161584870000003760                             82031015136      000                        1421230207                              280207000000000760000141966000000000000270663101260207              0000000000000000000000000000000000000000000000007600000000000000000000000000001260207                         0000000000000000000000000                                             000007
102021974950001161584870000003760                             82031020121      000                        1421230207                              300107000000000760010409857000000000000125647101260207              0000000000000000000000000000000000000000000000007770000000000017000000000000001260207                         0000000000000000000000000                                             000008
102021974950001161584870000003760                             82061023110      000                        1421230207                              280207000000000380010400540000000000000125647101260207              0000000000000000000000000000000000000000000000003800000000000000000000000000001260207                         0000000000000000000000000                                             000009
102021974950001161584870000003760                             82061024125      000                        1421230207                              150107000000000760010400540000000000000125647101260207              0000000000000000000000000000000000000000000000008025000000000042500000000000001260207                         0000000000000000000000000                                             000010
9201104                                                                                                                                                                                                                                                                                                                                                                                                   000011
