02RETORNO01COBRANCA       1584870000003760    IPAD                          104C ECON FEDERAL 231006                                                                                                                                                                                                                                                                                                 00314000001
102021974950001161584870000003760                             82030408177      000                        1421231006                              101006000000000760010407757000000000000125647101241006              0000000000000000000000000000000000000000000000007829000000000022900000000000001241006                         0000000000000000000000000                                             000002
102021974950001161584870000003760                             82060605167      000                        1421231006                              150906000000000750010412424000000000000125647101241006              0000000000000000000000000000000000000000000000007954000000000045400000000000001241006                         0000000000000000000000000                                             000003
102021974950001161584870000003760                             82060628159      000                        1421231006                              000000000000000750039928996000000000000270663101241006              0000000000000000000000000000000000000000000000007500000000000000000000000000001241006                         0000000000000000000000000                                             000004
102021974950001161584870000003760                             82070207121      000                        1421231006                              231006000000000860010415849000000000000240655100231006              0000000000000000000000000000000000000000000000008600000000000000000000000000001231006                         0000000000000000000000000                                             000005
102021974950001161584870000003760                             82070207130      000                        1421231006                              231006000000000860010415849000000000000240655100231006              0000000000000000000000000000000000000000000000008600000000000000000000000000001231006                         0000000000000000000000000                                             000006
102021974950001161584870000003760                             82070207148      000                        1421231006                              231006000000000860010415849000000000000240655100231006              0000000000000000000000000000000000000000000000008600000000000000000000000000001231006                         0000000000000000000000000                                             000007
102021974950001161584870000003760                             82070207156      000                        1421231006                              231006000000000860010415849000000000000240655100231006              0000000000000000000000000000000000000000000000008600000000000000000000000000001231006                         0000000000000000000000000                                             000008
102021974950001161584870000003760                             82070207164      000                        1421231006                              231006000000000860010415849000000000000240655100231006              0000000000000000000000000000000000000000000000008600000000000000000000000000001231006                         0000000000000000000000000                                             000009
102021974950001161584870000003760                             82070207172      000                        1421231006                              231006000000000860010415849000000000000240655100231006              0000000000000000000000000000000000000000000000008600000000000000000000000000001231006                         0000000000000000000000000                                             000010
102021974950001161584870000003760                             82070309145      000                        1421231006                              150106000000000860010410308000000000000125647101241006              0000000000000000000000000000000000000000000000011189000000000258900000000000001241006                         0000000000000000000000000                                             000011
102021974950001161584870000003760                             82070309153      000                        1421231006                              150206000000000860010410308000000000000125647101241006              0000000000000000000000000000000000000000000000010922000000000232200000000000001241006                         0000000000000000000000000                                             000012
102021974950001161584870000003760                             82070309170      000                        1421231006                              150406000000000860010410308000000000000125647101241006              0000000000000000000000000000000000000000000000010415000000000181500000000000001241006                         0000000000000000000000000                                             000013
102021974950001161584870000003760                             82070717146      000                        1421231006                              201006000000000760010405592000000000000125647101241006              0000000000000000000000000000000000000000000000007759000000000015900000000000001241006                         0000000000000000000000000                                             000014
102021974950001161584870000003760                             82110822174      000                        1421231006                              201006000000000750010407765000000000000125647101241006              0000000000000000000000000000000000000000000000007668000000000016800000000000001241006                         0000000000000000000000000                                             000015
102021974950001161584870000003760                             82110838178      000                        1421231006                              201006000000000750010407765000000000000125647101241006              0000000000000000000000000000000000000000000000007500000000000000000000000000001241006                         0000000000000000000000000                                             000016
9201104                                                                                                                                                                                                                                                                                                                                                                                                   000017
