02RETORNO01COBRANCA       1584870000003760    IPAD                          104C ECON FEDERAL 230206                                                                                                                                                                                                                                                                                                 00150000001
102021974950001161584870000003760                             82000035704      000                        1421230206                              150306000000000860010409156000000000000125647101240206              0000000000000000000000000000000000000000000000008600000000000000000000000000001240206                         0000000000000000000000000                                             000002
102021974950001161584870000003760                             82010113139      000                        1421230206                              100106000000000750010414338000000000000125647101240206              0000000000000000000000000000000000000000000000007980000000000048000000000000001240206                         0000000000000000000000000                                             000003
102021974950001161584870000003760                             82030119140      000                        1421230206                              100206000000000750010424465000000000000125647101240206              0000000000000000000000000000000000000000000000007741000000000024100000000000001240206                         0000000000000000000000000                                             000004
102021974950001161584870000003760                             82030131140      000                        1421230206                              100206000000000750010424465000000000000240655100230206              0000000000000000000000000000000000000000000000007741000000000024100000000000001230206                         0000000000000000000000000                                             000005
102021974950001161584870000003760                             82040120150      000                        1421230206                              100206000000000430010400523000000000000125647101240206              0000000000000000000000000000000000000000000000004430000000000013000000000000001240206                         0000000000000000000000000                                             000006
102021974950001161584870000003760                             82040337124      000                        1421230206                              240206000000018000000117326000000000000270663101240206              0000000000000000000000000000000000000000000000180000000000000000000000000000001240206                         0000000000000000000000000                                             000007
102021974950001161584870000003760                             82040337132      000                        1421230206                              240206000000018000000117326000000000000270663101240206              0000000000000000000000000000000000000000000000180000000000000000000000000000001240206                         0000000000000000000000000                                             000008
102021974950001161584870000003760                             82040337140      000                        1421230206                              240206000000018000000117326000000000000270663101240206              0000000000000000000000000000000000000000000000180000000000000000000000000000001240206                         0000000000000000000000000                                             000009
102021974950001161584870000003760                             82040431155      000                        1421230206                              100206000000000860010400523000000000000240655100230206              0000000000000000000000000000000000000000000000008889000000000028900000000000001230206                         0000000000000000000000000                                             000010
102021974950001161584870000003760                             82040519141      000                        1421230206                              100106000000000860010400523000000000000125647101240206              0000000000000000000000000000000000000000000000009116000000000051600000000000001240206                         0000000000000000000000000                                             000011
102021974950001161584870000003760                             82050210151      000                        1421230206                              100206000000000400010400531000000000000125647101240206              0000000000000000000000000000000000000000000000004093000000000009300000000000001240206                         0000000000000000000000000                                             000012
102021974950001161584870000003760                             82060110168      000                        1421230206                              150206000000000860010430171000000000000125647101240206              0000000000000000000000000000000000000000000000008853000000000025300000000000001240206                         0000000000000000000000000                                             000013
102021974950001161584870000003760                             82060303144      000                        1421230206                              150206000000000860010408761000000000000125647101240206              0000000000000000000000000000000000000000000000008780000000000018000000000000001240206                         0000000000000000000000000                                             000014
102021974950001161584870000003760                             82060312143      000                        1421230206                              150206000000000860010408761000000000000125647101240206              0000000000000000000000000000000000000000000000008780000000000018000000000000001240206                         0000000000000000000000000                                             000015
102021974950001161584870000003760                             82090228159      000                        1421230206                              100206000000000750010400540000000000000125647101240206              0000000000000000000000000000000000000000000000007745000000000024500000000000001240206                         0000000000000000000000000                                             000016
102021974950001161584870000003760                             82090814139      000                        1421230206                              100206000000000450010408770000000000000125647101240206              0000000000000000000000000000000000000000000000004609000000000010900000000000001240206                         0000000000000000000000000                                             000017
102021974950001161584870000003760                             82091012141      000                        1421230206                              100106000000000375010408770000000000000125647101240206              0000000000000000000000000000000000000000000000003956000000000020600000000000001240206                         0000000000000000000000000                                             000018
102021974950001161584870000003760                             82091123148      000                        1421230206                              100106000000000750010400540000000000000125647101240206              0000000000000000000000000000000000000000000000007980000000000048000000000000001240206                         0000000000000000000000000                                             000019
102021974950001161584870000003760                             82091221166      000                        1421230206                              100306000000000750010400540000000000000125647101240206              0000000000000000000000000000000000000000000000007500000000000000000000000000001240206                         0000000000000000000000000                                             000020
102021974950001161584870000003760                             82120125140      000                        1421230206                              100106000000000650010421245000000000000125647101240206              0000000000000000000000000000000000000000000000006854000000000035400000000000001240206                         0000000000000000000000000                                             000021
102021974950001161584870000003760                             82120125158      000                        1421230206                              100206000000000650010421245000000000000125647101240206              0000000000000000000000000000000000000000000000006708000000000020800000000000001240206                         0000000000000000000000000                                             000022
9201104                                                                                                                                                                                                                                                                                                                                                                                                   000023
