02RETORNO01COBRANCA       1584870000003760    IPAD                          104C ECON FEDERAL 230107                                                                                                                                                                                                                                                                                                 00375000001
102021974950001161584870000003760                             82010135167      000                        1421230107                              100107000000000750010414338000000000000240655100230107              0000000000000000000000000000000000000000000000007754000000000025400000000000001230107                         0000000000000000000000000                                             000002
102021974950001161584870000003760                             82010135175      000                        1421230107                              100107000000000750010414338000000000000240655100230107              0000000000000000000000000000000000000000000000007754000000000025400000000000001230107                         0000000000000000000000000                                             000003
102021974950001161584870000003760                             82030549161      000                        1421230107                              151206000000000760010409148000000000000125647101240107              0000000000000000000000000000000000000000000000007780000000000018000000000000001240107                         0000000000000000000000000                                             000004
102021974950001161584870000003760                             82030549170      000                        1421230107                              150107000000000760010409148000000000000125647101240107              0000000000000000000000000000000000000000000000007758000000000015800000000000001240107                         0000000000000000000000000                                             000005
102021974950001161584870000003760                             82050322170      000                        1421230107                              250107000000000860010427782000000000000125647101240107              0000000000000000000000000000000000000000000000008600000000000000000000000000001240107                         0000000000000000000000000                                             000006
102021974950001161584870000003760                             82061028120      000                        1421230107                              150107000000000760010400540000000000000125647101240107              0000000000000000000000000000000000000000000000007813000000000021300000000000001240107                         0000000000000000000000000                                             000007
102021974950001161584870000003760                             82070701177      000                        1421230107                              200107000000000760010405592000000000000125647101240107              0000000000000000000000000000000000000000000000007600000000000000000000000000001240107                         0000000000000000000000000                                             000008
102021974950001161584870000003760                             82111012133      000                        1421230107                              110107000000000760010407765000000000000125647101240107              0000000000000000000000000000000000000000000000007836000000000023600000000000001240107                         0000000000000000000000000                                             000009
9201104                                                                                                                                                                                                                                                                                                                                                                                                   000010
