02RETORNO01COBRANCA       1584870000003760    IPAD                          104C ECON FEDERAL 230106                                                                                                                                                                                                                                                                                                 00127000001
102021974950001161584870000003760                             82050315140      000                        1421230106                              100106000000000860010427782000000000000125647101240106              0000000000000000000000000000000000000000000000008781000000000018100000000000001240106                         0000000000000000000000000                                             000002
102021974950001161584870000003760                             82050328144      000                        1421230106                              100106000000000860010427782000000000000125647101240106              0000000000000000000000000000000000000000000000008798000000000019800000000000001240106                         0000000000000000000000000                                             000003
102021974950001161584870000003760                             82070227149      000                        1421230106                              100106000000000860010400450000000000000125647101240106              0000000000000000000000000000000000000000000000008883000000000028300000000000001240106                         0000000000000000000000000                                             000004
102021974950001161584870000003760                             82070325140      000                        1421230106                              150106000000000860010400485000000000000240655100230106              0000000000000000000000000000000000000000000000008841000000000024100000000000001230106                         0000000000000000000000000                                             000005
102021974950001161584870000003760                             82070403141      000                        1421230106                              150106000000000860010400450000000000000125647101240106              0000000000000000000000000000000000000000000000008826000000000022600000000000001240106                         0000000000000000000000000                                             000006
102021974950001161584870000003760                             82070520148      000                        1421230106                              150106000000000860010400450000000000000125647101240106              0000000000000000000000000000000000000000000000008842000000000024200000000000001240106                         0000000000000000000000000                                             000007
102021974950001161584870000003760                             82090207143      000                        1421230106                              100106000000000750010400540000000000000125647101240106              0000000000000000000000000000000000000000000000007727000000000022700000000000001240106                         0000000000000000000000000                                             000008
102021974950001161584870000003760                             82090301140      000                        1421230106                              100106000000000750010400540000000000000125647101240106              0000000000000000000000000000000000000000000000007747000000000024700000000000001240106                         0000000000000000000000000                                             000009
102021974950001161584870000003760                             82090318140      000                        1421230106                              100106000000000750010407749000000000000125647101240106              0000000000000000000000000000000000000000000000007658000000000015800000000000001240106                         0000000000000000000000000                                             000010
102021974950001161584870000003760                             82090329141      000                        1421230106                              100106000000000750010407749000000000000125647101240106              0000000000000000000000000000000000000000000000007727000000000022700000000000001240106                         0000000000000000000000000                                             000011
102021974950001161584870000003760                             82110228116      000                        1421230106                              050106000000000450010407765000000000000240655100230106              0000000000000000000000000000000000000000000000004680000000000018000000000000001230106                         0000000000000000000000000                                             000012
102021974950001161584870000003760                             82110336130      000                        1421230106                              100106000000000860010409148000000000000125647101240106              0000000000000000000000000000000000000000000000008883000000000028300000000000001240106                         0000000000000000000000000                                             000013
102021974950001161584870000003760                             82110411131      000                        1421230106                              200106000000000750010407765000000000000125647101240106              0000000000000000000000000000000000000000000000007657000000000015700000000000001240106                         0000000000000000000000000                                             000014
102021974950001161584870000003760                             82110419132      000                        1421230106                              200106000000000750010408125000000000000125647101240106              0000000000000000000000000000000000000000000000007500000000000000000000000000001240106                         0000000000000000000000000                                             000015
102021974950001161584870000003760                             82120119140      000                        1421230106                              100106000000000650010421245000000000000240655100230106              0000000000000000000000000000000000000000000000006656000000000015600000000000001230106                         0000000000000000000000000                                             000016
102021974950001161584870000003760                             82120124143      000                        1421230106                              100106000000000650010421245000000000000240655100230106              0000000000000000000000000000000000000000000000006656000000000015600000000000001230106                         0000000000000000000000000                                             000017
102021974950001161584870000003760                             82130204140      000                        1421230106                              101205000000000860010409148000000000000125647101240106              0000000000000000000000000000000000000000000000009124000000000052400000000000001240106                         0000000000000000000000000                                             000018
9201104                                                                                                                                                                                                                                                                                                                                                                                                   000019
