02RETORNO01COBRANCA       1584870000003760    IPAD                          104C ECON FEDERAL 231106                                                                                                                                                                                                                                                                                                 00335000001
102021974950001161584870000003760                             82030928162      000                        1421231106                              101206000000000760010407757000000000000125647101241106              0000000000000000000000000000000000000000000000007600000000000000000000000000001241106                         0000000000000000000000000                                             000002
102021974950001161584870000003760                             82060414159      000                        1421231106                              101106000000000760010430171000000000000125647101241106              0000000000000000000000000000000000000000000000007850000000000025000000000000001241106                         0000000000000000000000000                                             000003
102021974950001161584870000003760                             82070604171      000                        1421231106                              000000000000000760039928996000000000000270663101241106              0000000000000000000000000000000000000000000000007600000000000000000000000000001241106                         0000000000000000000000000                                             000004
102021974950001161584870000003760                             82070718150      000                        1421231106                              201106000000000760010415806000000000000125647101241106              0000000000000000000000000000000000000000000000007776000000000017600000000000001241106                         0000000000000000000000000                                             000005
9201104                                                                                                                                                                                                                                                                                                                                                                                                   000006
