02RETORNO01COBRANCA       1584870000003760    IPAD                          104C ECON FEDERAL 240107                                                                                                                                                                                                                                                                                                 00376000001
102021974950001161584870000003760                             82000049616      000                        1421240107                              000000000000000760000110696000000000000270663101250107              0000000000000000000000000000000000000000000000007600000000000000000000000000001250107                         0000000000000000000000000                                             000002
102021974950001161584870000003760                             82030730168      000                        1421240107                              100107000000000760010409148000000000000125647101250107              0000000000000000000000000000000000000000000000007858000000000025800000000000001250107                         0000000000000000000000000                                             000003
102021974950001161584870000003760                             82030735151      000                        1421240107                              101206000000000760010409148000000000000125647101250107              0000000000000000000000000000000000000000000000007785000000000018500000000000001250107                         0000000000000000000000000                                             000004
102021974950001161584870000003760                             82031107120      000                        1421240107                              101206000000000760010424465000000000000240655100240107              0000000000000000000000000000000000000000000000008112000000000051200000000000001240107                         0000000000000000000000000                                             000005
102021974950001161584870000003760                             82050302145      000                        1421240107                              301206000000000860010427782000000000000125647101250107              0000000000000000000000000000000000000000000000008987000000000038700000000000001250107                         0000000000000000000000000                                             000006
102021974950001161584870000003760                             82050302153      000                        1421240107                              301206000000000860010427782000000000000125647101250107              0000000000000000000000000000000000000000000000008987000000000038700000000000001250107                         0000000000000000000000000                                             000007
102021974950001161584870000003760                             82050302161      000                        1421240107                              250107000000000860010427782000000000000125647101250107              0000000000000000000000000000000000000000000000008600000000000000000000000000001250107                         0000000000000000000000000                                             000008
102021974950001161584870000003760                             82050302170      000                        1421240107                              250107000000000860010427782000000000000125647101250107              0000000000000000000000000000000000000000000000008600000000000000000000000000001250107                         0000000000000000000000000                                             000009
102021974950001161584870000003760                             82060518175      000                        1421240107                              100107000000000760010410308000000000000125647101250107              0000000000000000000000000000000000000000000000007858000000000025800000000000001250107                         0000000000000000000000000                                             000010
102021974950001161584870000003760                             82071411130      000                        1421240107                              140107000000000760010421245000000000000125647101250107              0000000000000000000000000000000000000000000000007822000000000022200000000000001250107                         0000000000000000000000000                                             000011
9201104                                                                                                                                                                                                                                                                                                                                                                                                   000012
