02RETORNO01COBRANCA       1584870000003760    IPAD                          104C ECON FEDERAL 240106                                                                                                                                                                                                                                                                                                 00128000001
102021974950001161584870000003760                             82040531141      000                        1421240106                              100106000000000860010400523000000000000125647101250106              0000000000000000000000000000000000000000000000008884000000000028400000000000001250106                         0000000000000000000000000                                             000002
102021974950001161584870000003760                             82050320143      000                        1421240106                              100106000000000860010427782000000000000125647101250106              0000000000000000000000000000000000000000000000008898000000000029800000000000001250106                         0000000000000000000000000                                             000003
102021974950001161584870000003760                             82060135152      000                        1421240106                              150106000000000860010430171000000000000240655100240106              0000000000000000000000000000000000000000000000008849000000000024900000000000001240106                         0000000000000000000000000                                             000004
102021974950001161584870000003760                             82070132148      000                        1421240106                              100106000000000860010410308000000000000240655100240106              0000000000000000000000000000000000000000000000008892000000000029200000000000001240106                         0000000000000000000000000                                             000005
102021974950001161584870000003760                             82090208140      000                        1421240106                              100106000000000750010412424000000000000125647101250106              0000000000000000000000000000000000000000000000007830000000000033000000000000001250106                         0000000000000000000000000                                             000006
102021974950001161584870000003760                             82090223149      000                        1421240106                              100106000000000750010400540000000000000125647101250106              0000000000000000000000000000000000000000000000007748000000000024800000000000001250106                         0000000000000000000000000                                             000007
102021974950001161584870000003760                             82091130128      000                        1421240106                              101205000000000750010408770000000000000125647101250106              0000000000000000000000000000000000000000000000007987000000000048700000000000001250106                         0000000000000000000000000                                             000008
102021974950001161584870000003760                             82091130136      000                        1421240106                              100106000000000750010408770000000000000125647101250106              0000000000000000000000000000000000000000000000007755000000000025500000000000001250106                         0000000000000000000000000                                             000009
9201104                                                                                                                                                                                                                                                                                                                                                                                                   000010
