02RETORNO01COBRANCA       1584870000003760    IPAD                          104C ECON FEDERAL 240506                                                                                                                                                                                                                                                                                                 00209000001
102021974950001161584870000003760                             82000039548      000                        1421240506                              000000000000000760010405592000000000000125647101250506              0000000000000000000000000000000000000000000000007600000000000000000000000000001250506                         0000000000000000000000000                                             000002
102021974950001161584870000003760                             82000044860      000                        1421240506                              000000000000000760010409156000000000000125647101250506              0000000000000000000000000000000000000000000000007600000000000000000000000000001250506                         0000000000000000000000000                                             000003
102021974950001161584870000003760                             82000044886      000                        1421240506                              000000000000000760010409156000000000000125647101250506              0000000000000000000000000000000000000000000000007600000000000000000000000000001250506                         0000000000000000000000000                                             000004
102021974950001161584870000003760                             82000044908      000                        1421240506                              000000000000000760010409156000000000000125647101250506              0000000000000000000000000000000000000000000000007600000000000000000000000000001250506                         0000000000000000000000000                                             000005
102021974950001161584870000003760                             82000044916      000                        1421240506                              000000000000000760010409156000000000000125647101250506              0000000000000000000000000000000000000000000000007600000000000000000000000000001250506                         0000000000000000000000000                                             000006
102021974950001161584870000003760                             82000044924      000                        1421240506                              000000000000000760010409156000000000000125647101250506              0000000000000000000000000000000000000000000000007600000000000000000000000000001250506                         0000000000000000000000000                                             000007
102021974950001161584870000003760                             82000044932      000                        1421240506                              000000000000000760010409156000000000000125647101250506              0000000000000000000000000000000000000000000000007600000000000000000000000000001250506                         0000000000000000000000000                                             000008
102021974950001161584870000003760                             82000045157      000                        1421240506                              000000000000000760010409156000000000000125647101250506              0000000000000000000000000000000000000000000000007600000000000000000000000000001250506                         0000000000000000000000000                                             000009
102021974950001161584870000003760                             82000045459      000                        1421240506                              000000000000000750075641796000000000000270663101250506              0000000000000000000000000000000000000000000000007500000000000000000000000000001250506                         0000000000000000000000000                                             000010
102021974950001161584870000003760                             82030320121      000                        1421240506                              300406000000000860010409156000000000000125647101250506              0000000000000000000000000000000000000000000000008964000000000036400000000000001250506                         0000000000000000000000000                                             000011
102021974950001161584870000003760                             82070627112      000                        1421240506                              210506000000000760010405592000000000000125647101250506              0000000000000000000000000000000000000000000000007774000000000017400000000000001250506                         0000000000000000000000000                                             000012
102021974950001161584870000003760                             82090405174      000                        1421240506                              100506000000000750010400540000000000000125647101250506              0000000000000000000000000000000000000000000000007748000000000024800000000000001250506                         0000000000000000000000000                                             000013
102021974950001161584870000003760                             82090430136      000                        1421240506                              100406000000000750010400540000000000000125647101250506              0000000000000000000000000000000000000000000000007980000000000048000000000000001250506                         0000000000000000000000000                                             000014
102021974950001161584870000003760                             82090430144      000                        1421240506                              300406000000000750010400540000000000000125647101250506              0000000000000000000000000000000000000000000000007830000000000033000000000000001250506                         0000000000000000000000000                                             000015
102021974950001161584870000003760                             82090430152      000                        1421240506                              100506000000000750010400540000000000000125647101250506              0000000000000000000000000000000000000000000000007755000000000025500000000000001250506                         0000000000000000000000000                                             000016
102021974950001161584870000003760                             82090430160      000                        1421240506                              300506000000000750010400540000000000000125647101250506              0000000000000000000000000000000000000000000000007500000000000000000000000000001250506                         0000000000000000000000000                                             000017
102021974950001161584870000003760                             82090814155      000                        1421240506                              100406000000000450010408770000000000000125647101250506              0000000000000000000000000000000000000000000000004634000000000013400000000000001250506                         0000000000000000000000000                                             000018
102021974950001161584870000003760                             82110314144      000                        1421240506                              100206000000000860010407765000000000000240655100240506              0000000000000000000000000000000000000000000000009717000000000111700000000000001240506                         0000000000000000000000000                                             000019
102021974950001161584870000003760                             82110314152      000                        1421240506                              100306000000000860010407765000000000000240655100240506              0000000000000000000000000000000000000000000000009447000000000084700000000000001240506                         0000000000000000000000000                                             000020
102021974950001161584870000003760                             82110314160      000                        1421240506                              100406000000000860010407765000000000000240655100240506              0000000000000000000000000000000000000000000000009177000000000057700000000000001240506                         0000000000000000000000000                                             000021
102021974950001161584870000003760                             82110606129      000                        1421240506                              250506000000000750010407765000000000000125647101250506              0000000000000000000000000000000000000000000000007500000000000000000000000000001250506                         0000000000000000000000000                                             000022
102021974950001161584870000003760                             82110609128      000                        1421240506                              250506000000000750010407765000000000000125647101250506              0000000000000000000000000000000000000000000000007500000000000000000000000000001250506                         0000000000000000000000000                                             000023
102021974950001161584870000003760                             82110617120      000                        1421240506                              250506000000000750010407765000000000000125647101250506              0000000000000000000000000000000000000000000000007500000000000000000000000000001250506                         0000000000000000000000000                                             000024
102021974950001161584870000003760                             82110618127      000                        1421240506                              250506000000000750006500016000000000000270663101250506              0000000000000000000000000000000000000000000000007500000000000000000000000000001250506                         0000000000000000000000000                                             000025
102021974950001161584870000003760                             82110619123      000                        1421240506                              250506000000000750010407765000000000000125647101250506              0000000000000000000000000000000000000000000000007500000000000000000000000000001250506                         0000000000000000000000000                                             000026
102021974950001161584870000003760                             82110622124      000                        1421240506                              250506000000000750010407765000000000000125647101250506              0000000000000000000000000000000000000000000000007500000000000000000000000000001250506                         0000000000000000000000000                                             000027
102021974950001161584870000003760                             82110624127      000                        1421240506                              250506000000000750010407765000000000000125647101250506              0000000000000000000000000000000000000000000000007500000000000000000000000000001250506                         0000000000000000000000000                                             000028
102021974950001161584870000003760                             82110702128      000                        1421240506                              250506000000000750010407765000000000000125647101250506              0000000000000000000000000000000000000000000000007500000000000000000000000000001250506                         0000000000000000000000000                                             000029
102021974950001161584870000003760                             82110704120      000                        1421240506                              250506000000000750010407765000000000000125647101250506              0000000000000000000000000000000000000000000000007500000000000000000000000000001250506                         0000000000000000000000000                                             000030
102021974950001161584870000003760                             82110709122      000                        1421240506                              250506000000000750010407765000000000000125647101250506              0000000000000000000000000000000000000000000000007500000000000000000000000000001250506                         0000000000000000000000000                                             000031
102021974950001161584870000003760                             82110710120      000                        1421240506                              250506000000000750006500016000000000000270663101250506              0000000000000000000000000000000000000000000000007500000000000000000000000000001250506                         0000000000000000000000000                                             000032
102021974950001161584870000003760                             82110731128      000                        1421240506                              250506000000000750010407765000000000000125647101250506              0000000000000000000000000000000000000000000000007500000000000000000000000000001250506                         0000000000000000000000000                                             000033
102021974950001161584870000003760                             82110810125      000                        1421240506                              250506000000000750010407765000000000000125647101250506              0000000000000000000000000000000000000000000000007500000000000000000000000000001250506                         0000000000000000000000000                                             000034
102021974950001161584870000003760                             82110811121      000                        1421240506                              250506000000000750006500016000000000000270663101250506              0000000000000000000000000000000000000000000000007500000000000000000000000000001250506                         0000000000000000000000000                                             000035
102021974950001161584870000003760                             82110817120      000                        1421240506                              250506000000000750010407765000000000000125647101250506              0000000000000000000000000000000000000000000000007500000000000000000000000000001250506                         0000000000000000000000000                                             000036
102021974950001161584870000003760                             82110832129      000                        1421240506                              250506000000000750010407765000000000000125647101250506              0000000000000000000000000000000000000000000000007500000000000000000000000000001250506                         0000000000000000000000000                                             000037
102021974950001161584870000003760                             82110833125      000                        1421240506                              250506000000000750010407765000000000000125647101250506              0000000000000000000000000000000000000000000000007500000000000000000000000000001250506                         0000000000000000000000000                                             000038
9201104                                                                                                                                                                                                                                                                                                                                                                                                   000039
