02RETORNO01COBRANCA       1584870000003760    IPAD                          104C ECON FEDERAL 220705                                                                                                                                                                                                                                                                                                 00010000001
102021974950001161584870000003760                             82999375606      000                        1421220705                              100805000000000860010400523000000000000125647101250705              0000000000000000000000000000000000000000000000008600000000000000000000000000001250705                         0000000000000000000000000                                             000002
102021974950001161584870000003760                             82999379105      000                        1421220705                              100805000000000860010430171000000000000125647101250705              0000000000000000000000000000000000000000000000008600000000000000000000000000001250705                         0000000000000000000000000                                             000003
102021974950001161584870000003760                             82999380545      000                        1421220705                              100805000000000860010409148000000000000125647101250705              0000000000000000000000000000000000000000000000008600000000000000000000000000001250705                         0000000000000000000000000                                             000004
102021974950001161584870000003760                             82999380561      000                        1421220705                              100805000000000860010409148000000000000125647101250705              0000000000000000000000000000000000000000000000008600000000000000000000000000001250705                         0000000000000000000000000                                             000005
102021974950001161584870000003760                             82999380588      000                        1421220705                              100805000000000860010409148000000000000125647101250705              0000000000000000000000000000000000000000000000008600000000000000000000000000001250705                         0000000000000000000000000                                             000006
102021974950001161584870000003760                             82999380600      000                        1421220705                              100805000000000860006500016000000000000270663101250705              0000000000000000000000000000000000000000000000008600000000000000000000000000001250705                         0000000000000000000000000                                             000007
102021974950001161584870000003760                             82999382483      000                        1421220705                              100805000000000860010409148000000000000240655100220705              0000000000000000000000000000000000000000000000008600000000000000000000000000001220705                         0000000000000000000000000                                             000008
102021974950001161584870000003760                             82999382505      000                        1421220705                              100805000000000860010409148000000000000240655100220705              0000000000000000000000000000000000000000000000008600000000000000000000000000001220705                         0000000000000000000000000                                             000009
102021974950001161584870000003760                             82999382548      000                        1421220705                              100805000000000860010409148000000000000125647101250705              0000000000000000000000000000000000000000000000008600000000000000000000000000001250705                         0000000000000000000000000                                             000010
102021974950001161584870000003760                             82999383005      000                        1421220705                              100805000000000860010409148000000000000125647101250705              0000000000000000000000000000000000000000000000008600000000000000000000000000001250705                         0000000000000000000000000                                             000011
9201104                                                                                                                                                                                                                                                                                                                                                                                                   000012
