02RETORNO01COBRANCA       1584870000003760    IPAD                          104C ECON FEDERAL 241105                                                                                                                                                                                                                                                                                                 00086000001
102021974950001161584870000003760                             82040306121      000                        1421241105                              251105000000000360010400523000000000000125647101251105              0000000000000000000000000000000000000000000000003600000000000000000000000000001251105                         0000000000000000000000000                                             000002
102021974950001161584870000003760                             82040327129      000                        1421241105                              251105000000000360010400523000000000000125647101251105              0000000000000000000000000000000000000000000000003600000000000000000000000000001251105                         0000000000000000000000000                                             000003
102021974950001161584870000003760                             82040329121      000                        1421241105                              251105000000000360000117326000000000000270663101251105              0000000000000000000000000000000000000000000000003600000000000000000000000000001251105                         0000000000000000000000000                                             000004
102021974950001161584870000003760                             82050336120      000                        1421241105                              181105000000000860010400515000000000000125647101251105              0000000000000000000000000000000000000000000000008820000000000022000000000000001251105                         0000000000000000000000000                                             000005
102021974950001161584870000003760                             82050337127      000                        1421241105                              181105000000000860010427782000000000000125647101251105              0000000000000000000000000000000000000000000000008823000000000022300000000000001251105                         0000000000000000000000000                                             000006
102021974950001161584870000003760                             82070522124      000                        1421241105                              151105000000000860010400450000000000000125647101251105              0000000000000000000000000000000000000000000000008849000000000024900000000000001251105                         0000000000000000000000000                                             000007
102021974950001161584870000003760                             82090327122      000                        1421241105                              251105000000000640010400540000000000000125647101251105              0000000000000000000000000000000000000000000000006400000000000000000000000000001251105                         0000000000000000000000000                                             000008
102021974950001161584870000003760                             82999031460      000                        1421241105                              301105000000000860075641796000000000000270663101251105              0000000000000000000000000000000000000000000000008600000000000000000000000000001251105                         0000000000000000000000000                                             000009
9201104                                                                                                                                                                                                                                                                                                                                                                                                   000010
