02RETORNO01COBRANCA       1584870000003760    IPAD                          104C ECON FEDERAL 240706                                                                                                                                                                                                                                                                                                 00251000001
102021974950001161584870000003760                             82000046641      000                        1421240706                              000000000000000760010409148000000000000125647101250706              0000000000000000000000000000000000000000000000007600000000000000000000000000001250706                         0000000000000000000000000                                             000002
102021974950001161584870000003760                             82030307133      000                        1421240706                              300506000000000860010409156000000000000125647101250706              0000000000000000000000000000000000000000000000009204000000000060400000000000001250706                         0000000000000000000000000                                             000003
102021974950001161584870000003760                             82030321144      000                        1421240706                              300606000000000860010409156000000000000125647101250706              0000000000000000000000000000000000000000000000008964000000000036400000000000001250706                         0000000000000000000000000                                             000004
102021974950001161584870000003760                             82030322159      000                        1421240706                              300706000000000860010409156000000000000125647101250706              0000000000000000000000000000000000000000000000008600000000000000000000000000001250706                         0000000000000000000000000                                             000005
102021974950001161584870000003760                             82030327150      000                        1421240706                              300706000000000860010409156000000000000125647101250706              0000000000000000000000000000000000000000000000008600000000000000000000000000001250706                         0000000000000000000000000                                             000006
102021974950001161584870000003760                             82030413146      000                        1421240706                              100706000000000760010407757000000000000125647101250706              0000000000000000000000000000000000000000000000007850000000000025000000000000001250706                         0000000000000000000000000                                             000007
102021974950001161584870000003760                             82030415149      000                        1421240706                              100706000000000760010407757000000000000125647101250706              0000000000000000000000000000000000000000000000007836000000000023600000000000001250706                         0000000000000000000000000                                             000008
102021974950001161584870000003760                             82060714144      000                        1421240706                              150706000000000860010400469000000000000240655100240706              0000000000000000000000000000000000000000000000008849000000000024900000000000001240706                         0000000000000000000000000                                             000009
102021974950001161584870000003760                             82060903117      000                        1421240706                              100706000000000760010400493000000000000125647101250706              0000000000000000000000000000000000000000000000007850000000000025000000000000001250706                         0000000000000000000000000                                             000010
102021974950001161584870000003760                             82070614134      000                        1421240706                              210706000000000760010409237000000000000125647101250706              0000000000000000000000000000000000000000000000007760000000000016000000000000001250706                         0000000000000000000000000                                             000011
102021974950001161584870000003760                             82070624130      000                        1421240706                              210706000000000760010405592000000000000125647101250706              0000000000000000000000000000000000000000000000007774000000000017400000000000001250706                         0000000000000000000000000                                             000012
102021974950001161584870000003760                             82070630130      000                        1421240706                              210706000000000760010405592000000000000125647101250706              0000000000000000000000000000000000000000000000007774000000000017400000000000001250706                         0000000000000000000000000                                             000013
102021974950001161584870000003760                             82070631136      000                        1421240706                              210706000000000760010405592000000000000125647101250706              0000000000000000000000000000000000000000000000007759000000000015900000000000001250706                         0000000000000000000000000                                             000014
102021974950001161584870000003760                             82070720112      000                        1421240706                              200706000000000760010410308000000000000240655100240706              0000000000000000000000000000000000000000000000007782000000000018200000000000001240706                         0000000000000000000000000                                             000015
102021974950001161584870000003760                             82070727117      000                        1421240706                              220706000000000760010405592000000000000240655100240706              0000000000000000000000000000000000000000000000007600000000000000000000000000001240706                         0000000000000000000000000                                             000016
102021974950001161584870000003760                             82070729110      000                        1421240706                              220706000000000760010405592000000000000125647101250706              0000000000000000000000000000000000000000000000007600000000000000000000000000001250706                         0000000000000000000000000                                             000017
102021974950001161584870000003760                             82090432155      000                        1421240706                              100406000000000750010400540000000000000125647101250706              0000000000000000000000000000000000000000000000008371000000000087100000000000001250706                         0000000000000000000000000                                             000018
102021974950001161584870000003760                             82090432163      000                        1421240706                              300406000000000750010400540000000000000125647101250706              0000000000000000000000000000000000000000000000008231000000000073100000000000001250706                         0000000000000000000000000                                             000019
102021974950001161584870000003760                             82090814171      000                        1421240706                              100606000000000450010408770000000000000125647101250706              0000000000000000000000000000000000000000000000004634000000000013400000000000001250706                         0000000000000000000000000                                             000020
102021974950001161584870000003760                             82110115176      000                        1421240706                              100506000000000750010407765000000000000125647101250706              0000000000000000000000000000000000000000000000008225000000000072500000000000001250706                         0000000000000000000000000                                             000021
102021974950001161584870000003760                             82110120153      000                        1421240706                              100306000000000750010407765000000000000125647101250706              0000000000000000000000000000000000000000000000009300000000000180000000000000001250706                         0000000000000000000000000                                             000022
102021974950001161584870000003760                             82110705135      000                        1421240706                              200606000000000750010407765000000000000125647101250706              0000000000000000000000000000000000000000000000007922000000000042200000000000001250706                         0000000000000000000000000                                             000023
102021974950001161584870000003760                             82110838135      000                        1421240706                              300606000000000750010407765000000000000125647101250706              0000000000000000000000000000000000000000000000007829000000000032900000000000001250706                         0000000000000000000000000                                             000024
9201104                                                                                                                                                                                                                                                                                                                                                                                                   000025
