02RETORNO01COBRANCA       1584870000003760    IPAD                          104C ECON FEDERAL 220307                                                                                                                                                                                                                                                                                                 00414000001
102021974950001161584870000003760                             82000051823      000                        1421220307                              000000000000000800010407757000000000000125647101230307              0000000000000000000000000000000000000000000000008000000000000000000000000000001230307                         0000000000000000000000000                                             000002
102021974950001161584870000003760                             82031002140      000                        1421220307                              300307000000000760010400523000000000000125647101230307              0000000000000000000000000000000000000000000000007600000000000000000000000000001230307                         0000000000000000000000000                                             000003
102021974950001161584870000003760                             82031110112      000                        1421220307                              101106000000000760010424465000000000000125647101230307              0000000000000000000000000000000000000000000000008676000000000107600000000000001230307                         0000000000000000000000000                                             000004
102021974950001161584870000003760                             82031110120      000                        1421220307                              101206000000000760010424465000000000000125647101230307              0000000000000000000000000000000000000000000000008466000000000086600000000000001230307                         0000000000000000000000000                                             000005
102021974950001161584870000003760                             82031110139      000                        1421220307                              100107000000000760010424465000000000000125647101230307              0000000000000000000000000000000000000000000000008249000000000064900000000000001230307                         0000000000000000000000000                                             000006
102021974950001161584870000003760                             82061011112      000                        1421220307                              280207000000000380010400540000000000000125647101230307              0000000000000000000000000000000000000000000000003945000000000014500000000000001230307                         0000000000000000000000000                                             000007
102021974950001161584870000003760                             82061030117      000                        1421220307                              280207000000000380010400540000000000000125647101230307              0000000000000000000000000000000000000000000000003960000000000016000000000000001230307                         0000000000000000000000000                                             000008
102021974950001161584870000003760                             82061031113      000                        1421220307                              280207000000000380010400540000000000000125647101230307              0000000000000000000000000000000000000000000000003945000000000014500000000000001230307                         0000000000000000000000000                                             000009
102021974950001161584870000003760                             82110813175      000                        1421220307                              220307000000000750010407765000000000000125647101230307              0000000000000000000000000000000000000000000000007500000000000000000000000000001230307                         0000000000000000000000000                                             000010
9201104                                                                                                                                                                                                                                                                                                                                                                                                   000011
