02RETORNO01COBRANCA       1584870000003760    IPAD                          104C ECON FEDERAL 250106                                                                                                                                                                                                                                                                                                 00129000001
102021974950001161584870000003760                             82010110130      000                        1421250106                              100106000000000750010414338000000000000240655100250106              0000000000000000000000000000000000000000000000007770000000000027000000000000001250106                         0000000000000000000000000                                             000002
102021974950001161584870000003760                             82030119132      000                        1421250106                              100106000000000750010424465000000000000125647101260106              0000000000000000000000000000000000000000000000007755000000000025500000000000001260106                         0000000000000000000000000                                             000003
102021974950001161584870000003760                             82040333145      000                        1421250106                              100106000000000360010400523000000000000125647101260106              0000000000000000000000000000000000000000000000003732000000000013200000000000001260106                         0000000000000000000000000                                             000004
102021974950001161584870000003760                             82040636148      000                        1421250106                              100106000000000860010407730000000000000125647101260106              0000000000000000000000000000000000000000000000008901000000000030100000000000001260106                         0000000000000000000000000                                             000005
102021974950001161584870000003760                             82050305144      000                        1421250106                              100106000000000860010427782000000000000125647101260106              0000000000000000000000000000000000000000000000008901000000000030100000000000001260106                         0000000000000000000000000                                             000006
102021974950001161584870000003760                             82060110150      000                        1421250106                              150106000000000860010430171000000000000125647101260106              0000000000000000000000000000000000000000000000008782000000000018200000000000001260106                         0000000000000000000000000                                             000007
102021974950001161584870000003760                             82090730148      000                        1421250106                              100106000000000750010408770000000000000125647101260106              0000000000000000000000000000000000000000000000007755000000000025500000000000001260106                         0000000000000000000000000                                             000008
102021974950001161584870000003760                             82090932158      000                        1421250106                              100206000000017625000122576000000000000270663101260106              0000000000000000000000000000000000000000000000176250000000000000000000000000001260106                         0000000000000000000000000                                             000009
102021974950001161584870000003760                             82110410135      000                        1421250106                              200106000000000750010408125000000000000125647101260106              0000000000000000000000000000000000000000000000007685000000000018500000000000001260106                         0000000000000000000000000                                             000010
102021974950001161584870000003760                             82120115144      000                        1421250106                              100106000000000650010421245000000000000125647101260106              0000000000000000000000000000000000000000000000006735000000000023500000000000001260106                         0000000000000000000000000                                             000011
102021974950001161584870000003760                             82130221150      000                        1421250106                              100106000000000860006500016000000000000270663101260106              0000000000000000000000000000000000000000000000008600000000000000000000000000001260106                         0000000000000000000000000                                             000012
9201104                                                                                                                                                                                                                                                                                                                                                                                                   000013
