02RETORNO01COBRANCA       1584870000003760    IPAD                          104C ECON FEDERAL 231205                                                                                                                                                                                                                                                                                                 00107000001
102021974950001161584870000003760                             82040335130      000                        1421231205                              151205000000000360010400523000000000000125647101261205              0000000000000000000000000000000000000000000000003704000000000010400000000000001261205                         0000000000000000000000000                                             000002
102021974950001161584870000003760                             82050133149      000                        1421231205                              100106000000000400006500016000000000000270663101261205              0000000000000000000000000000000000000000000000004000000000000000000000000000001261205                         0000000000000000000000000                                             000003
102021974950001161584870000003760                             82050134145      000                        1421231205                              100106000000000400006500016000000000000270663101261205              0000000000000000000000000000000000000000000000004000000000000000000000000000001261205                         0000000000000000000000000                                             000004
102021974950001161584870000003760                             82050214149      000                        1421231205                              100106000000000400006500016000000000000270663101261205              0000000000000000000000000000000000000000000000004000000000000000000000000000001261205                         0000000000000000000000000                                             000005
102021974950001161584870000003760                             82050320135      000                        1421231205                              101205000000000860010427782000000000000125647101261205              0000000000000000000000000000000000000000000000008884000000000028400000000000001261205                         0000000000000000000000000                                             000006
102021974950001161584870000003760                             82060123146      000                        1421231205                              151205000000000860010410308000000000000240655100231205              0000000000000000000000000000000000000000000000008841000000000024100000000000001231205                         0000000000000000000000000                                             000007
102021974950001161584870000003760                             82070418122      000                        1421231205                              151105000000000860010410286000000000000125647101261205              0000000000000000000000000000000000000000000000009076000000000047600000000000001261205                         0000000000000000000000000                                             000008
102021974950001161584870000003760                             82090226130      000                        1421231205                              101205000000000750010400540000000000000125647101261205              0000000000000000000000000000000000000000000000007741000000000024100000000000001261205                         0000000000000000000000000                                             000009
102021974950001161584870000003760                             82090328137      000                        1421231205                              101205000000000750010407749000000000000125647101261205              0000000000000000000000000000000000000000000000007741000000000024100000000000001261205                         0000000000000000000000000                                             000010
102021974950001161584870000003760                             82090504130      000                        1421231205                              101205000000000375010408770000000000000240655100231205              0000000000000000000000000000000000000000000000003750000000000000000000000000001231205                         0000000000000000000000000                                             000011
102021974950001161584870000003760                             82090926131      000                        1421231205                              101205000000000750010408770000000000000125647101261205              0000000000000000000000000000000000000000000000007666000000000016600000000000001261205                         0000000000000000000000000                                             000012
102021974950001161584870000003760                             82091208135      000                        1421231205                              101205000000000750010400540000000000000125647101261205              0000000000000000000000000000000000000000000000007741000000000024100000000000001261205                         0000000000000000000000000                                             000013
102021974950001161584870000003760                             82120133134      000                        1421231205                              101205000000000650010421245000000000000240655100231205              0000000000000000000000000000000000000000000000006715000000000021500000000000001231205                         0000000000000000000000000                                             000014
102021974950001161584870000003760                             82130312155      000                        1421231205                              100106000000000860010409148000000000000125647101261205              0000000000000000000000000000000000000000000000008600000000000000000000000000001261205                         0000000000000000000000000                                             000015
9201104                                                                                                                                                                                                                                                                                                                                                                                                   000016
