02RETORNO01COBRANCA       1584870000003760    IPAD                          104C ECON FEDERAL 240306                                                                                                                                                                                                                                                                                                 00169000001
102021974950001161584870000003760                             82000032721      000                        1421240306                              050306000000000860010408761000000000000125647101270306              0000000000000000000000000000000000000000000000008935000000000033500000000000001270306                         0000000000000000000000000                                             000002
102021974950001161584870000003760                             82000036123      000                        1421240306                              150306000000000860010409156000000000000125647101270306              0000000000000000000000000000000000000000000000008836000000000023600000000000001270306                         0000000000000000000000000                                             000003
102021974950001161584870000003760                             82000036158      000                        1421240306                              150306000000000860010409156000000000000125647101270306              0000000000000000000000000000000000000000000000008844000000000024400000000000001270306                         0000000000000000000000000                                             000004
102021974950001161584870000003760                             82000038282      000                        1421240306                              300306000000000860010415830000000000000240655100240306              0000000000000000000000000000000000000000000000008600000000000000000000000000001240306                         0000000000000000000000000                                             000005
102021974950001161584870000003760                             82030127143      000                        1421240306                              100206000000000750010424465000000000000125647101270306              0000000000000000000000000000000000000000000000007818000000000031800000000000001270306                         0000000000000000000000000                                             000006
102021974950001161584870000003760                             82060145166      000                        1421240306                              150206000000000860010400531000000000000125647101270306              0000000000000000000000000000000000000000000000009068000000000046800000000000001270306                         0000000000000000000000000                                             000007
102021974950001161584870000003760                             82060145174      000                        1421240306                              150306000000000860010400531000000000000125647101270306              0000000000000000000000000000000000000000000000008844000000000024400000000000001270306                         0000000000000000000000000                                             000008
102021974950001161584870000003760                             82070109162      000                        1421240306                              100306000000000860010400493000000000000125647101270306              0000000000000000000000000000000000000000000000008892000000000029200000000000001270306                         0000000000000000000000000                                             000009
102021974950001161584870000003760                             82070415140      000                        1421240306                              150106000000000860010408672000000000000125647101270306              0000000000000000000000000000000000000000000000009348000000000074800000000000001270306                         0000000000000000000000000                                             000010
102021974950001161584870000003760                             82090318158      000                        1421240306                              100206000000000750010407749000000000000125647101270306              0000000000000000000000000000000000000000000000007682000000000018200000000000001270306                         0000000000000000000000000                                             000011
102021974950001161584870000003760                             82090324166      000                        1421240306                              100306000000000750010407749000000000000125647101270306              0000000000000000000000000000000000000000000000007660000000000016000000000000001270306                         0000000000000000000000000                                             000012
102021974950001161584870000003760                             82090512167      000                        1421240306                              100306000000000375010408770000000000000125647101270306              0000000000000000000000000000000000000000000000003878000000000012800000000000001270306                         0000000000000000000000000                                             000013
102021974950001161584870000003760                             82090814147      000                        1421240306                              100306000000000450010408770000000000000125647101270306              0000000000000000000000000000000000000000000000004604000000000010400000000000001270306                         0000000000000000000000000                                             000014
102021974950001161584870000003760                             82110116156      000                        1421240306                              100306000000000750010407765000000000000125647101270306              0000000000000000000000000000000000000000000000007755000000000025500000000000001270306                         0000000000000000000000000                                             000015
102021974950001161584870000003760                             82110322155      000                        1421240306                              100306000000000860010407765000000000000125647101270306              0000000000000000000000000000000000000000000000008892000000000029200000000000001270306                         0000000000000000000000000                                             000016
9201104                                                                                                                                                                                                                                                                                                                                                                                                   000017
