02RETORNO01COBRANCA       1584870000003760    IPAD                          104C ECON FEDERAL 210307                                                                                                                                                                                                                                                                                                 00413000001
102021974950001161584870000003760                             82000050401      000                        1421210307                              000000000000000800010409156000000000000125647101220307              0000000000000000000000000000000000000000000000008000000000000000000000000000001220307                         0000000000000000000000000                                             000002
102021974950001161584870000003760                             82000051521      000                        1421210307                              000000000000000800010400531000000000000125647101220307              0000000000000000000000000000000000000000000000008000000000000000000000000000001220307                         0000000000000000000000000                                             000003
102021974950001161584870000003760                             82000053109      000                        1421210307                              000000000000000800075641796000000000000270663101220307              0000000000000000000000000000000000000000000000008000000000000000000000000000001220307                         0000000000000000000000000                                             000004
102021974950001161584870000003760                             82000053176      000                        1421210307                              000000000000000800075641796000000000000270663101220307              0000000000000000000000000000000000000000000000008000000000000000000000000000001220307                         0000000000000000000000000                                             000005
102021974950001161584870000003760                             82000053206      000                        1421210307                              000000000000000800006500016000000000000270663101220307              0000000000000000000000000000000000000000000000008000000000000000000000000000001220307                         0000000000000000000000000                                             000006
102021974950001161584870000003760                             82000053745      000                        1421210307                              000000000000000800010430147000000000000125647101220307              0000000000000000000000000000000000000000000000008000000000000000000000000000001220307                         0000000000000000000000000                                             000007
102021974950001161584870000003760                             82000053796      000                        1421210307                              000000000000000800006500016000000000000270663101220307              0000000000000000000000000000000000000000000000008000000000000000000000000000001220307                         0000000000000000000000000                                             000008
102021974950001161584870000003760                             82061036115      000                        1421210307                              280207000000000380010400540000000000000125647101220307              0000000000000000000000000000000000000000000000003939000000000013900000000000001220307                         0000000000000000000000000                                             000009
102021974950001161584870000003760                             82110608164      000                        1421210307                              200207000000000750010407765000000000000125647101220307              0000000000000000000000000000000000000000000000007860000000000036000000000000001220307                         0000000000000000000000000                                             000010
102021974950001161584870000003760                             82110816174      000                        1421210307                              220307000000000750010407765000000000000125647101220307              0000000000000000000000000000000000000000000000007500000000000000000000000000001220307                         0000000000000000000000000                                             000011
102021974950001161584870000003760                             82130430166      000                        1421210307                              100307000000000760010409148000000000000125647101220307              0000000000000000000000000000000000000000000000007835000000000023500000000000001220307                         0000000000000000000000000                                             000012
9201104                                                                                                                                                                                                                                                                                                                                                                                                   000013
