02RETORNO01COBRANCA       1584870000003760    IPAD                          104C ECON FEDERAL 250706                                                                                                                                                                                                                                                                                                 00252000001
102021974950001161584870000003760                             82030206124      000                        1421250706                              100706000000000760010409156000000000000125647101260706              0000000000000000000000000000000000000000000000007759000000000015900000000000001260706                         0000000000000000000000000                                             000002
102021974950001161584870000003760                             82030326154      000                        1421250706                              300706000000000860010409156000000000000125647101260706              0000000000000000000000000000000000000000000000008600000000000000000000000000001260706                         0000000000000000000000000                                             000003
102021974950001161584870000003760                             82030328157      000                        1421250706                              300706000000000860006500016000000000000270663101260706              0000000000000000000000000000000000000000000000008600000000000000000000000000001260706                         0000000000000000000000000                                             000004
102021974950001161584870000003760                             82030414142      000                        1421250706                              100706000000000760010407757000000000000125647101260706              0000000000000000000000000000000000000000000000007857000000000025700000000000001260706                         0000000000000000000000000                                             000005
102021974950001161584870000003760                             82030425144      000                        1421250706                              100706000000000760010407757000000000000125647101260706              0000000000000000000000000000000000000000000000007755000000000015500000000000001260706                         0000000000000000000000000                                             000006
102021974950001161584870000003760                             82030425152      000                        1421250706                              100806000000000760010407757000000000000125647101260706              0000000000000000000000000000000000000000000000007600000000000000000000000000001260706                         0000000000000000000000000                                             000007
102021974950001161584870000003760                             82050319170      000                        1421250706                              100406000000000860010427782000000000000125647101260706              0000000000000000000000000000000000000000000000009684000000000108400000000000001260706                         0000000000000000000000000                                             000008
102021974950001161584870000003760                             82070610120      000                        1421250706                              210606000000000760010405592000000000000125647101260706              0000000000000000000000000000000000000000000000007782000000000018200000000000001260706                         0000000000000000000000000                                             000009
102021974950001161584870000003760                             82070612131      000                        1421250706                              210706000000000760010405592000000000000125647101260706              0000000000000000000000000000000000000000000000007782000000000018200000000000001260706                         0000000000000000000000000                                             000010
102021974950001161584870000003760                             82071207117      000                        1421250706                              100706000000000760010400450000000000000125647101260706              0000000000000000000000000000000000000000000000007866000000000026600000000000001260706                         0000000000000000000000000                                             000011
102021974950001161584870000003760                             82110602140      000                        1421250706                              250706000000000750000106056000000000000270663101260706              0000000000000000000000000000000000000000000000007500000000000000000000000000001260706                         0000000000000000000000000                                             000012
102021974950001161584870000003760                             82110606145      000                        1421250706                              250706000000000750010407765000000000000125647101260706              0000000000000000000000000000000000000000000000007500000000000000000000000000001260706                         0000000000000000000000000                                             000013
102021974950001161584870000003760                             82110615144      000                        1421250706                              250706000000000750000106056000000000000270663101260706              0000000000000000000000000000000000000000000000007500000000000000000000000000001260706                         0000000000000000000000000                                             000014
102021974950001161584870000003760                             82110617147      000                        1421250706                              250706000000000750006500016000000000000270663101260706              0000000000000000000000000000000000000000000000007500000000000000000000000000001260706                         0000000000000000000000000                                             000015
102021974950001161584870000003760                             82110618143      000                        1421250706                              250706000000000750006500016000000000000270663101260706              0000000000000000000000000000000000000000000000007500000000000000000000000000001260706                         0000000000000000000000000                                             000016
102021974950001161584870000003760                             82110619140      000                        1421250706                              250706000000000750010407765000000000000125647101260706              0000000000000000000000000000000000000000000000007500000000000000000000000000001260706                         0000000000000000000000000                                             000017
102021974950001161584870000003760                             82110621144      000                        1421250706                              250706000000000750010407765000000000000125647101260706              0000000000000000000000000000000000000000000000007500000000000000000000000000001260706                         0000000000000000000000000                                             000018
102021974950001161584870000003760                             82110625140      000                        1421250706                              250706000000000750010407765000000000000125647101260706              0000000000000000000000000000000000000000000000007500000000000000000000000000001260706                         0000000000000000000000000                                             000019
102021974950001161584870000003760                             82110626146      000                        1421250706                              250706000000000750010407765000000000000125647101260706              0000000000000000000000000000000000000000000000007500000000000000000000000000001260706                         0000000000000000000000000                                             000020
102021974950001161584870000003760                             82110629145      000                        1421250706                              250706000000000750006500016000000000000270663101260706              0000000000000000000000000000000000000000000000007500000000000000000000000000001260706                         0000000000000000000000000                                             000021
102021974950001161584870000003760                             82110632138      000                        1421250706                              200606000000000750010407765000000000000125647101260706              0000000000000000000000000000000000000000000000008098000000000059800000000000001260706                         0000000000000000000000000                                             000022
102021974950001161584870000003760                             82110634149      000                        1421250706                              250706000000000750000106056000000000000270663101260706              0000000000000000000000000000000000000000000000007500000000000000000000000000001260706                         0000000000000000000000000                                             000023
102021974950001161584870000003760                             82110711143      000                        1421250706                              250706000000000750010407765000000000000125647101260706              0000000000000000000000000000000000000000000000007500000000000000000000000000001260706                         0000000000000000000000000                                             000024
102021974950001161584870000003760                             82110718148      000                        1421250706                              250706000000000750010407765000000000000125647101260706              0000000000000000000000000000000000000000000000007500000000000000000000000000001260706                         0000000000000000000000000                                             000025
102021974950001161584870000003760                             82110806144      000                        1421250706                              250706000000000750010407765000000000000125647101260706              0000000000000000000000000000000000000000000000007500000000000000000000000000001260706                         0000000000000000000000000                                             000026
102021974950001161584870000003760                             82110807140      000                        1421250706                              250706000000000750000106056000000000000270663101260706              0000000000000000000000000000000000000000000000007500000000000000000000000000001260706                         0000000000000000000000000                                             000027
102021974950001161584870000003760                             82110817146      000                        1421250706                              250706000000000750006500016000000000000270663101260706              0000000000000000000000000000000000000000000000007500000000000000000000000000001260706                         0000000000000000000000000                                             000028
9201104                                                                                                                                                                                                                                                                                                                                                                                                   000029
