02RETORNO01COBRANCA       1584870000003760    IPAD                          104C ECON FEDERAL 230307                                                                                                                                                                                                                                                                                                 00415000001
102021974950001161584870000003760                             82000051793      000                        1421230307                              000000000000000800010407757000000000000125647101260307              0000000000000000000000000000000000000000000000008000000000000000000000000000001260307                         0000000000000000000000000                                             000002
102021974950001161584870000003760                             82000053109      000                        1421230307                              000000000000000800075641796000000000000270663101260307              0000000000000000000000000000000000000000000000008000000000000000000000000000001260307                         0000000000000000000000000                                             000003
102021974950001161584870000003760                             82000053192      000                        1421230307                              000000000000000800075641796000000000000270663101260307              0000000000000000000000000000000000000000000000008000000000000000000000000000001260307                         0000000000000000000000000                                             000004
102021974950001161584870000003760                             82000053729      000                        1421230307                              000000000000000800039928996000000000000270663101260307              0000000000000000000000000000000000000000000000008000000000000000000000000000001260307                         0000000000000000000000000                                             000005
102021974950001161584870000003760                             82031101148      000                        1421230307                              100207000000000760010424465000000000000240655100230307              0000000000000000000000000000000000000000000000008064000000000046400000000000001230307                         0000000000000000000000000                                             000006
102021974950001161584870000003760                             82031101156      000                        1421230307                              100307000000000760010424465000000000000240655100230307              0000000000000000000000000000000000000000000000007856000000000025600000000000001230307                         0000000000000000000000000                                             000007
102021974950001161584870000003760                             82110627169      000                        1421230307                              200207000000000750010407765000000000000125647101260307              0000000000000000000000000000000000000000000000007657000000000015700000000000001260307                         0000000000000000000000000                                             000008
102021974950001161584870000003760                             82111027165      000                        1421230307                              110407000000000760006500016000000000000270663101260307              0000000000000000000000000000000000000000000000007600000000000000000000000000001260307                         0000000000000000000000000                                             000009
9201104                                                                                                                                                                                                                                                                                                                                                                                                   000010
