02RETORNO01COBRANCA       1584870000003760    IPAD                          104C ECON FEDERAL 260606                                                                                                                                                                                                                                                                                                 00231000001
102021974950001161584870000003760                             82030418130      000                        1421260606                              100606000000000760010407757000000000000125647101270606              0000000000000000000000000000000000000000000000007864000000000026400000000000001270606                         0000000000000000000000000                                             000002
102021974950001161584870000003760                             82060218171      000                        1421260606                              100506000000000860010409237000000000000125647101270606              0000000000000000000000000000000000000000000000008910000000000031000000000000001270606                         0000000000000000000000000                                             000003
102021974950001161584870000003760                             82060607135      000                        1421260606                              150606000000000750010412424000000000000125647101270606              0000000000000000000000000000000000000000000000007727000000000022700000000000001270606                         0000000000000000000000000                                             000004
102021974950001161584870000003760                             82060719138      000                        1421260606                              150606000000000860010410286000000000000125647101270606              0000000000000000000000000000000000000000000000008867000000000026700000000000001270606                         0000000000000000000000000                                             000005
102021974950001161584870000003760                             82070624121      000                        1421260606                              210606000000000760010405592000000000000125647101270606              0000000000000000000000000000000000000000000000007790000000000019000000000000001270606                         0000000000000000000000000                                             000006
102021974950001161584870000003760                             82110309167      000                        1421260606                              150606000000000860010407765000000000000240655100260606              0000000000000000000000000000000000000000000000008871000000000027100000000000001260606                         0000000000000000000000000                                             000007
102021974950001161584870000003760                             82110810133      000                        1421260606                              200606000000000750010407765000000000000125647101270606              0000000000000000000000000000000000000000000000007698000000000019800000000000001270606                         0000000000000000000000000                                             000008
102021974950001161584870000003760                             82110831122      000                        1421260606                              250506000000000750010407765000000000000125647101270606              0000000000000000000000000000000000000000000000007906000000000040600000000000001270606                         0000000000000000000000000                                             000009
9201104                                                                                                                                                                                                                                                                                                                                                                                                   000010
