02RETORNO01COBRANCA       1584870000003760    IPAD                          104C ECON FEDERAL 241106                                                                                                                                                                                                                                                                                                 00336000001
102021974950001161584870000003760                             82000050118      000                        1421241106                              000000000000000760035610286000000000000270663101271106              0000000000000000000000000000000000000000000000007600000000000000000000000000001271106                         0000000000000000000000000                                             000002
102021974950001161584870000003760                             82010308169      000                        1421241106                              101106000000000660010409148000000000000125647101271106              0000000000000000000000000000000000000000000000006740000000000014000000000000001271106                         0000000000000000000000000                                             000003
102021974950001161584870000003760                             82030918159      000                        1421241106                              101106000000000760010407757000000000000125647101271106              0000000000000000000000000000000000000000000000007858000000000025800000000000001271106                         0000000000000000000000000                                             000004
102021974950001161584870000003760                             82070626167      000                        1421211106                              000000000000000776710405592000000000000125647101231106              0000000000000000000000000000000000000000000000007767000000000000000000000000001231106                         0000000000000000000000000                                             000005
102021974950001161584870000003760                             82070630164      000                        1421241106                              201106000000000760010412947000000000000125647204301106              0000000000000000000000000000000000000000000000007784000000000018400000000000001301106                         0000000000000000000000000                                             000006
102021974950001161584870000003760                             82110112177      000                        1421241106                              201106000000000750010407765000000000000125647101271106              0000000000000000000000000000000000000000000000007674000000000017400000000000001271106                         0000000000000000000000000                                             000007
9201104                                                                                                                                                                                                                                                                                                                                                                                                   000008
