02RETORNO01COBRANCA       1584870000003760    IPAD                          104C ECON FEDERAL 260706                                                                                                                                                                                                                                                                                                 00253000001
102021974950001161584870000003760                             82030311157      000                        1421260706                              300706000000000860006500016000000000000270663101270706              0000000000000000000000000000000000000000000000008600000000000000000000000000001270706                         0000000000000000000000000                                             000002
102021974950001161584870000003760                             82070721119      000                        1421260706                              200706000000000760010405592000000000000125647101270706              0000000000000000000000000000000000000000000000007797000000000019700000000000001270706                         0000000000000000000000000                                             000003
102021974950001161584870000003760                             82090704139      000                        1421260706                              310306000000000750010408770000000000000125647101270706              0000000000000000000000000000000000000000000000008550000000000105000000000000001270706                         0000000000000000000000000                                             000004
102021974950001161584870000003760                             82090704147      000                        1421260706                              100406000000000750010408770000000000000125647101270706              0000000000000000000000000000000000000000000000008482000000000098200000000000001270706                         0000000000000000000000000                                             000005
102021974950001161584870000003760                             82090704155      000                        1421260706                              100506000000000750010408770000000000000125647101270706              0000000000000000000000000000000000000000000000008250000000000075000000000000001270706                         0000000000000000000000000                                             000006
102021974950001161584870000003760                             82090704163      000                        1421260706                              100606000000000750010408770000000000000125647101270706              0000000000000000000000000000000000000000000000008025000000000052500000000000001270706                         0000000000000000000000000                                             000007
102021974950001161584870000003760                             82090704171      000                        1421260706                              100706000000000750010408770000000000000125647101270706              0000000000000000000000000000000000000000000000007800000000000030000000000000001270706                         0000000000000000000000000                                             000008
102021974950001161584870000003760                             82110622140      000                        1421260706                              250706000000000750010407765000000000000125647101270706              0000000000000000000000000000000000000000000000007658000000000015800000000000001270706                         0000000000000000000000000                                             000009
102021974950001161584870000003760                             82110833141      000                        1421260706                              250706000000000750010407765000000000000125647101270706              0000000000000000000000000000000000000000000000007658000000000015800000000000001270706                         0000000000000000000000000                                             000010
102021974950001161584870000003760                             82110835136      000                        1421260706                              200606000000000750010407765000000000000125647101270706              0000000000000000000000000000000000000000000000007946000000000044600000000000001270706                         0000000000000000000000000                                             000011
9201104                                                                                                                                                                                                                                                                                                                                                                                                   000012
