02RETORNO01COBRANCA       1584870000003760    IPAD                          104C ECON FEDERAL 260705                                                                                                                                                                                                                                                                                                 00012000001
102021974950001161584870000003760                             82999375541      000                        1421260705                              100805000000000860010400523000000000000125647101270705              0000000000000000000000000000000000000000000000008600000000000000000000000000001270705                         0000000000000000000000000                                             000002
102021974950001161584870000003760                             82999379121      000                        1421260705                              100805000000000860010430171000000000000125647101270705              0000000000000000000000000000000000000000000000008600000000000000000000000000001270705                         0000000000000000000000000                                             000003
9201104                                                                                                                                                                                                                                                                                                                                                                                                   000004
