02RETORNO01COBRANCA       1584870000003760    IPAD                          104C ECON FEDERAL 261206                                                                                                                                                                                                                                                                                                 00357000001
102021974950001161584870000003760                             82030506160      000                        1421261206                              151206000000000760010409156000000000000125647101271206              0000000000000000000000000000000000000000000000007829000000000022900000000000001271206                         0000000000000000000000000                                             000002
102021974950001161584870000003760                             82030531114      000                        1421261206                              150706000000000760010409156000000000000240655100261206              0000000000000000000000000000000000000000000000008998000000000139800000000000001261206                         0000000000000000000000000                                             000003
102021974950001161584870000003760                             82030531122      000                        1421261206                              150806000000000760010409156000000000000240655100261206              0000000000000000000000000000000000000000000000008763000000000116300000000000001261206                         0000000000000000000000000                                             000004
102021974950001161584870000003760                             82030531149      000                        1421261206                              151006000000000760010409156000000000000240655100261206              0000000000000000000000000000000000000000000000008299000000000069900000000000001261206                         0000000000000000000000000                                             000005
102021974950001161584870000003760                             82030531157      000                        1421261206                              151106000000000760010409156000000000000240655100261206              0000000000000000000000000000000000000000000000008064000000000046400000000000001261206                         0000000000000000000000000                                             000006
102021974950001161584870000003760                             82030531165      000                        1421261206                              151206000000000760010409156000000000000240655100261206              0000000000000000000000000000000000000000000000007836000000000023600000000000001261206                         0000000000000000000000000                                             000007
102021974950001161584870000003760                             82030531173      000                        1421261206                              150107000000000760010409156000000000000240655100261206              0000000000000000000000000000000000000000000000007600000000000000000000000000001261206                         0000000000000000000000000                                             000008
102021974950001161584870000003760                             82030714146      000                        1421261206                              101106000000000760010409148000000000000125647101271206              0000000000000000000000000000000000000000000000008078000000000047800000000000001271206                         0000000000000000000000000                                             000009
102021974950001161584870000003760                             82030807152      000                        1421261206                              151206000000000760010409156000000000000125647101271206              0000000000000000000000000000000000000000000000007836000000000023600000000000001271206                         0000000000000000000000000                                             000010
102021974950001161584870000003760                             82030812156      000                        1421261206                              151206000000000760010409156000000000000125647101271206              0000000000000000000000000000000000000000000000007813000000000021300000000000001271206                         0000000000000000000000000                                             000011
102021974950001161584870000003760                             82031006110      000                        1421261206                              301206000000000760000141966000000000000270663101271206              0000000000000000000000000000000000000000000000007600000000000000000000000000001271206                         0000000000000000000000000                                             000012
102021974950001161584870000003760                             82031015110      000                        1421261206                              301206000000000760000141966000000000000270663101271206              0000000000000000000000000000000000000000000000007600000000000000000000000000001271206                         0000000000000000000000000                                             000013
102021974950001161584870000003760                             82031115130      000                        1421261206                              100107000000000760010424465000000000000240655100261206              0000000000000000000000000000000000000000000000007600000000000000000000000000001261206                         0000000000000000000000000                                             000014
102021974950001161584870000003760                             82060701174      000                        1421261206                              301206000000000860010400469000000000000125647101271206              0000000000000000000000000000000000000000000000008600000000000000000000000000001271206                         0000000000000000000000000                                             000015
102021974950001161584870000003760                             82060901165      000                        1421261206                              101206000000000760010410308000000000000125647101271206              0000000000000000000000000000000000000000000000007851000000000025100000000000001271206                         0000000000000000000000000                                             000016
102021974950001161584870000003760                             82061030117      000                        1421261206                              151206000000000760010400540000000000000125647101271206              0000000000000000000000000000000000000000000000007812000000000021200000000000001271206                         0000000000000000000000000                                             000017
102021974950001161584870000003760                             82061035119      000                        1421261206                              151206000000000760010400540000000000000125647101271206              0000000000000000000000000000000000000000000000007835000000000023500000000000001271206                         0000000000000000000000000                                             000018
102021974950001161584870000003760                             82070705164      000                        1421261206                              201206000000000760010415806000000000000125647101271206              0000000000000000000000000000000000000000000000007800000000000020000000000000001271206                         0000000000000000000000000                                             000019
102021974950001161584870000003760                             82070720163      000                        1421261206                              201206000000000760010405592000000000000125647101271206              0000000000000000000000000000000000000000000000007797000000000019700000000000001271206                         0000000000000000000000000                                             000020
102021974950001161584870000003760                             82070724169      000                        1421261206                              201206000000000760010415806000000000000125647101271206              0000000000000000000000000000000000000000000000007797000000000019700000000000001271206                         0000000000000000000000000                                             000021
102021974950001161584870000003760                             82071201160      000                        1421261206                              101206000000000760010409237000000000000125647101271206              0000000000000000000000000000000000000000000000007851000000000025100000000000001271206                         0000000000000000000000000                                             000022
102021974950001161584870000003760                             82071207125      000                        1421261206                              261206000000000760010400450000000000000125647101271206              0000000000000000000000000000000000000000000000007600000000000000000000000000001271206                         0000000000000000000000000                                             000023
102021974950001161584870000003760                             82071220156      000                        1421261206                              101106000000000760010410308000000000000240655100261206              0000000000000000000000000000000000000000000000008120000000000052000000000000001261206                         0000000000000000000000000                                             000024
9201104                                                                                                                                                                                                                                                                                                                                                                                                   000025
