02RETORNO01COBRANCA       1584870000003760    IPAD                          104C ECON FEDERAL 270705                                                                                                                                                                                                                                                                                                 00013000001
102021974950001161584870000003760                             82999375568      000                        1421270705                              100805000000000860010400523000000000000125647101280705              0000000000000000000000000000000000000000000000008600000000000000000000000000001280705                         0000000000000000000000000                                             000002
102021974950001161584870000003760                             82999375762      000                        1421270705                              100805000000000860010400523000000000000125647101280705              0000000000000000000000000000000000000000000000008600000000000000000000000000001280705                         0000000000000000000000000                                             000003
102021974950001161584870000003760                             82999379148      000                        1421270705                              100805000000000860010430171000000000000125647101280705              0000000000000000000000000000000000000000000000008600000000000000000000000000001280705                         0000000000000000000000000                                             000004
102021974950001161584870000003760                             82999382165      000                        1421270705                              100805000000000860010409148000000000000125647101280705              0000000000000000000000000000000000000000000000008600000000000000000000000000001280705                         0000000000000000000000000                                             000005
9201104                                                                                                                                                                                                                                                                                                                                                                                                   000006
