02RETORNO01COBRANCA       1584870000003760    IPAD                          104C ECON FEDERAL 270306                                                                                                                                                                                                                                                                                                 00170000001
102021974950001161584870000003760                             82050330165      000                        1421270306                              100306000000000860010410383000000000000125647101280306              0000000000000000000000000000000000000000000000008908000000000030800000000000001280306                         0000000000000000000000000                                             000002
102021974950001161584870000003760                             82060110176      000                        1421270306                              150306000000000860010430171000000000000125647101280306              0000000000000000000000000000000000000000000000008600000000000000000000000000001280306                         0000000000000000000000000                                             000003
102021974950001161584870000003760                             82070229168      000                        1421270306                              100306000000000860010400450000000000000240655100270306              0000000000000000000000000000000000000000000000008918000000000031800000000000001270306                         0000000000000000000000000                                             000004
102021974950001161584870000003760                             82070520164      000                        1421270306                              150306000000000860010400469000000000000125647101280306              0000000000000000000000000000000000000000000000008784000000000018400000000000001280306                         0000000000000000000000000                                             000005
102021974950001161584870000003760                             82090317160      000                        1421270306                              100306000000000750010407749000000000000125647101280306              0000000000000000000000000000000000000000000000007661000000000016100000000000001280306                         0000000000000000000000000                                             000006
102021974950001161584870000003760                             82090329168      000                        1421270306                              100306000000000750010407749000000000000125647101280306              0000000000000000000000000000000000000000000000007661000000000016100000000000001280306                         0000000000000000000000000                                             000007
102021974950001161584870000003760                             82090433143      000                        1421270306                              100106000000000750010400540000000000000125647101280306              0000000000000000000000000000000000000000000000008182000000000068200000000000001280306                         0000000000000000000000000                                             000008
102021974950001161584870000003760                             82090433151      000                        1421270306                              100206000000000750010400540000000000000125647101280306              0000000000000000000000000000000000000000000000007965000000000046500000000000001280306                         0000000000000000000000000                                             000009
102021974950001161584870000003760                             82091033173      000                        1421270306                              100406000000000375006500016000000000000270663101280306              0000000000000000000000000000000000000000000000003750000000000000000000000000001280306                         0000000000000000000000000                                             000010
102021974950001161584870000003760                             82091111166      000                        1421270306                              100306000000000750010408770000000000000125647101280306              0000000000000000000000000000000000000000000000007778000000000027800000000000001280306                         0000000000000000000000000                                             000011
102021974950001161584870000003760                             82091208151      000                        1421270306                              100206000000000750010400540000000000000125647101280306              0000000000000000000000000000000000000000000000007951000000000045100000000000001280306                         0000000000000000000000000                                             000012
102021974950001161584870000003760                             82110323143      000                        1421270306                              100206000000000860010407765000000000000125647101280306              0000000000000000000000000000000000000000000000008808000000000020800000000000001280306                         0000000000000000000000000                                             000013
102021974950001161584870000003760                             82120104150      000                        1421270306                              100206000000000650010421245000000000000125647101280306              0000000000000000000000000000000000000000000000006900000000000040000000000000001280306                         0000000000000000000000000                                             000014
102021974950001161584870000003760                             82120105165      000                        1421270306                              100306000000000650010421245000000000000125647101280306              0000000000000000000000000000000000000000000000006732000000000023200000000000001280306                         0000000000000000000000000                                             000015
102021974950001161584870000003760                             82120113168      000                        1421270306                              100306000000000650010421245000000000000125647101280306              0000000000000000000000000000000000000000000000006732000000000023200000000000001280306                         0000000000000000000000000                                             000016
9201104                                                                                                                                                                                                                                                                                                                                                                                                   000017
