02RETORNO01COBRANCA       1584870000003760    IPAD                          104C ECON FEDERAL 260307                                                                                                                                                                                                                                                                                                 00416000001
102021974950001161584870000003760                             82000052960      000                        1421260307                              000000000000000800006500016000000000000270663101270307              0000000000000000000000000000000000000000000000008000000000000000000000000000001270307                         0000000000000000000000000                                             000002
102021974950001161584870000003760                             82000053001      000                        1421260307                              000000000000000800010405592000000000000125647101270307              0000000000000000000000000000000000000000000000008000000000000000000000000000001270307                         0000000000000000000000000                                             000003
102021974950001161584870000003760                             82000053095      000                        1421260307                              000000000000000800039928996000000000000270663101270307              0000000000000000000000000000000000000000000000008000000000000000000000000000001270307                         0000000000000000000000000                                             000004
102021974950001161584870000003760                             82000053133      000                        1421260307                              000000000000000800010430147000000000000125647101270307              0000000000000000000000000000000000000000000000008000000000000000000000000000001270307                         0000000000000000000000000                                             000005
102021974950001161584870000003760                             82000053150      000                        1421260307                              000000000000000800006500016000000000000270663101270307              0000000000000000000000000000000000000000000000008000000000000000000000000000001270307                         0000000000000000000000000                                             000006
102021974950001161584870000003760                             82000053168      000                        1421260307                              000000000000000800010430147000000000000125647101270307              0000000000000000000000000000000000000000000000008000000000000000000000000000001270307                         0000000000000000000000000                                             000007
102021974950001161584870000003760                             82000053184      000                        1421260307                              000000000000000800010405592000000000000125647101270307              0000000000000000000000000000000000000000000000008000000000000000000000000000001270307                         0000000000000000000000000                                             000008
102021974950001161584870000003760                             82000053788      000                        1421260307                              000000000000000800010430147000000000000125647101270307              0000000000000000000000000000000000000000000000008000000000000000000000000000001270307                         0000000000000000000000000                                             000009
102021974950001161584870000003760                             82000053800      000                        1421260307                              000000000000000800010430147000000000000125647101270307              0000000000000000000000000000000000000000000000008000000000000000000000000000001270307                         0000000000000000000000000                                             000010
102021974950001161584870000003760                             82000054253      000                        1421260307                              300307000000000800006500016000000000000270663101270307              0000000000000000000000000000000000000000000000008000000000000000000000000000001270307                         0000000000000000000000000                                             000011
102021974950001161584870000003760                             82000054288      000                        1421260307                              300307000000000800006500016000000000000270663101270307              0000000000000000000000000000000000000000000000008000000000000000000000000000001270307                         0000000000000000000000000                                             000012
102021974950001161584870000003760                             82000054334      000                        1421260307                              300307000000000800010407765000000000000125647101270307              0000000000000000000000000000000000000000000000008000000000000000000000000000001270307                         0000000000000000000000000                                             000013
102021974950001161584870000003760                             82030805141      000                        1421260307                              151106000000000760010409156000000000000125647101270307              0000000000000000000000000000000000000000000000008747000000000114700000000000001270307                         0000000000000000000000000                                             000014
102021974950001161584870000003760                             82030805150      000                        1421260307                              151206000000000760010409156000000000000125647101270307              0000000000000000000000000000000000000000000000008519000000000091900000000000001270307                         0000000000000000000000000                                             000015
102021974950001161584870000003760                             82030805168      000                        1421260307                              150107000000000760010409156000000000000125647101270307              0000000000000000000000000000000000000000000000008284000000000068400000000000001270307                         0000000000000000000000000                                             000016
102021974950001161584870000003760                             82030808140      000                        1421260307                              151106000000000760010409156000000000000125647101270307              0000000000000000000000000000000000000000000000008747000000000114700000000000001270307                         0000000000000000000000000                                             000017
102021974950001161584870000003760                             82030808159      000                        1421260307                              151206000000000760010409156000000000000125647101270307              0000000000000000000000000000000000000000000000008519000000000091900000000000001270307                         0000000000000000000000000                                             000018
102021974950001161584870000003760                             82030808167      000                        1421260307                              150107000000000760010409156000000000000125647101270307              0000000000000000000000000000000000000000000000008284000000000068400000000000001270307                         0000000000000000000000000                                             000019
102021974950001161584870000003760                             82061010116      000                        1421260307                              280207000000000380010400540000000000000125647101270307              0000000000000000000000000000000000000000000000003967000000000016700000000000001270307                         0000000000000000000000000                                             000020
102021974950001161584870000003760                             82061015126      000                        1421260307                              300307000000000380010400540000000000000125647101270307              0000000000000000000000000000000000000000000000003800000000000000000000000000001270307                         0000000000000000000000000                                             000021
102021974950001161584870000003760                             82061023129      000                        1421260307                              300307000000000380010400540000000000000125647101270307              0000000000000000000000000000000000000000000000003800000000000000000000000000001270307                         0000000000000000000000000                                             000022
102021974950001161584870000003760                             82071308134      000                        1421260307                              100107000000000760010421245000000000000125647101270307              0000000000000000000000000000000000000000000000008277000000000067700000000000001270307                         0000000000000000000000000                                             000023
102021974950001161584870000003760                             82071308142      000                        1421260307                              100207000000000760010421245000000000000125647101270307              0000000000000000000000000000000000000000000000008060000000000046000000000000001270307                         0000000000000000000000000                                             000024
102021974950001161584870000003760                             82130408179      000                        1421260307                              100407000000000760010409148000000000000125647101270307              0000000000000000000000000000000000000000000000007600000000000000000000000000001270307                         0000000000000000000000000                                             000025
9201104                                                                                                                                                                                                                                                                                                                                                                                                   000026
