02RETORNO01COBRANCA       1584870000003760    IPAD                          104C ECON FEDERAL 270906                                                                                                                                                                                                                                                                                                 00297000001
102021974950001161584870000003760                             82000049888      000                        1421270906                              000000000000000760010400540000000000000125647101280906              0000000000000000000000000000000000000000000000007600000000000000000000000000001280906                         0000000000000000000000000                                             000002
102021974950001161584870000003760                             82010308142      000                        1421270906                              160906000000000660010409148000000000000125647101280906              0000000000000000000000000000000000000000000000007405000000000080500000000000001280906                         0000000000000000000000000                                             000003
102021974950001161584870000003760                             82030408169      000                        1421270906                              100906000000000760010407757000000000000125647101280906              0000000000000000000000000000000000000000000000007871000000000027100000000000001280906                         0000000000000000000000000                                             000004
102021974950001161584870000003760                             82030811125      000                        1421270906                              150906000000000760010409156000000000000125647101280906              0000000000000000000000000000000000000000000000007843000000000024300000000000001280906                         0000000000000000000000000                                             000005
102021974950001161584870000003760                             82030813128      000                        1421270906                              150906000000000760010409156000000000000125647101280906              0000000000000000000000000000000000000000000000007843000000000024300000000000001280906                         0000000000000000000000000                                             000006
102021974950001161584870000003760                             82060721159      000                        1421270906                              150906000000000860010406483000000000000125647101280906              0000000000000000000000000000000000000000000000008875000000000027500000000000001280906                         0000000000000000000000000                                             000007
102021974950001161584870000003760                             82060722155      000                        1421270906                              150906000000000860010410286000000000000125647101280906              0000000000000000000000000000000000000000000000008868000000000026800000000000001280906                         0000000000000000000000000                                             000008
102021974950001161584870000003760                             82070627147      000                        1421270906                              210806000000000760010405592000000000000125647101280906              0000000000000000000000000000000000000000000000008033000000000043300000000000001280906                         0000000000000000000000000                                             000009
102021974950001161584870000003760                             82070727141      000                        1421270906                              201006000000000760006500016000000000000270663101280906              0000000000000000000000000000000000000000000000007600000000000000000000000000001280906                         0000000000000000000000000                                             000010
102021974950001161584870000003760                             82071218135      000                        1421270906                              100906000000000760010415830000000000000125647101280906              0000000000000000000000000000000000000000000000007881000000000028100000000000001280906                         0000000000000000000000000                                             000011
9201104                                                                                                                                                                                                                                                                                                                                                                                                   000012
