02RETORNO01COBRANCA       1584870000003760    IPAD                          104C ECON FEDERAL 270207                                                                                                                                                                                                                                                                                                 00397000001
102021974950001161584870000003760                             82000050444      000                        1421270207                              000000000000000800010409156000000000000125647101280207              0000000000000000000000000000000000000000000000008000000000000000000000000000001280207                         0000000000000000000000000                                             000002
102021974950001161584870000003760                             82000050509      000                        1421270207                              000000000000000800010409156000000000000125647101280207              0000000000000000000000000000000000000000000000008000000000000000000000000000001280207                         0000000000000000000000000                                             000003
102021974950001161584870000003760                             82000051394      000                        1421270207                              000000000000000800010400531000000000000125647101280207              0000000000000000000000000000000000000000000000008000000000000000000000000000001280207                         0000000000000000000000000                                             000004
102021974950001161584870000003760                             82000051408      000                        1421270207                              000000000000000800010400531000000000000125647101280207              0000000000000000000000000000000000000000000000008000000000000000000000000000001280207                         0000000000000000000000000                                             000005
102021974950001161584870000003760                             82000051416      000                        1421270207                              000000000000000800010400531000000000000125647101280207              0000000000000000000000000000000000000000000000008000000000000000000000000000001280207                         0000000000000000000000000                                             000006
102021974950001161584870000003760                             82000051424      000                        1421270207                              000000000000000800010400531000000000000125647101280207              0000000000000000000000000000000000000000000000008000000000000000000000000000001280207                         0000000000000000000000000                                             000007
102021974950001161584870000003760                             82000051432      000                        1421270207                              000000000000000800010400531000000000000125647101280207              0000000000000000000000000000000000000000000000008000000000000000000000000000001280207                         0000000000000000000000000                                             000008
102021974950001161584870000003760                             82030704159      000                        1421270207                              101206000000000760010409148000000000000125647101280207              0000000000000000000000000000000000000000000000008337000000000073700000000000001280207                         0000000000000000000000000                                             000009
102021974950001161584870000003760                             82030717170      000                        1421270207                              100207000000000760010409148000000000000125647101280207              0000000000000000000000000000000000000000000000007881000000000028100000000000001280207                         0000000000000000000000000                                             000010
102021974950001161584870000003760                             82030724176      000                        1421270207                              100207000000000760010409148000000000000125647101280207              0000000000000000000000000000000000000000000000007881000000000028100000000000001280207                         0000000000000000000000000                                             000011
102021974950001161584870000003760                             82030729178      000                        1421270207                              100207000000000760010409148000000000000125647101280207              0000000000000000000000000000000000000000000000007882000000000028200000000000001280207                         0000000000000000000000000                                             000012
102021974950001161584870000003760                             82060401154      000                        1421270207                              101106000000000760010408761000000000000240655100270207              0000000000000000000000000000000000000000000000008900000000000130000000000000001270207                         0000000000000000000000000                                             000013
102021974950001161584870000003760                             82061028112      000                        1421270207                              280207000000000380010400540000000000000125647101280207              0000000000000000000000000000000000000000000000003800000000000000000000000000001280207                         0000000000000000000000000                                             000014
102021974950001161584870000003760                             82111010149      000                        1421270207                              110207000000000760010407765000000000000125647101280207              0000000000000000000000000000000000000000000000007843000000000024300000000000001280207                         0000000000000000000000000                                             000015
9201104                                                                                                                                                                                                                                                                                                                                                                                                   000016
