02RETORNO01COBRANCA       1584870000003760    IPAD                          104C ECON FEDERAL 280307                                                                                                                                                                                                                                                                                                 00418000001
102021974950001161584870000003760                             82000052137      000                        1421280307                              000000000000000800010407757000000000000125647101290307              0000000000000000000000000000000000000000000000008000000000000000000000000000001290307                         0000000000000000000000000                                             000002
102021974950001161584870000003760                             82000053931      000                        1421280307                              300307000000000800010407765000000000000125647101290307              0000000000000000000000000000000000000000000000008000000000000000000000000000001290307                         0000000000000000000000000                                             000003
102021974950001161584870000003760                             82061009126      000                        1421280307                              300307000000000380010400540000000000000125647101290307              0000000000000000000000000000000000000000000000003800000000000000000000000000001290307                         0000000000000000000000000                                             000004
102021974950001161584870000003760                             82061025121      000                        1421280307                              300307000000000380006500016000000000000270663101290307              0000000000000000000000000000000000000000000000003800000000000000000000000000001290307                         0000000000000000000000000                                             000005
102021974950001161584870000003760                             82061028120      000                        1421280307                              300307000000000380010400540000000000000125647101290307              0000000000000000000000000000000000000000000000003800000000000000000000000000001290307                         0000000000000000000000000                                             000006
102021974950001161584870000003760                             82071411156      000                        1421280307                              140307000000000760010421245000000000000125647101290307              0000000000000000000000000000000000000000000000007858000000000025800000000000001290307                         0000000000000000000000000                                             000007
102021974950001161584870000003760                             82111024166      000                        1421280307                              110407000000000760010407765000000000000125647101290307              0000000000000000000000000000000000000000000000007600000000000000000000000000001290307                         0000000000000000000000000                                             000008
102021974950001161584870000003760                             82130414179      000                        1421280307                              100407000000000760006500016000000000000270663101290307              0000000000000000000000000000000000000000000000007600000000000000000000000000001290307                         0000000000000000000000000                                             000009
9201104                                                                                                                                                                                                                                                                                                                                                                                                   000010
