02RETORNO01COBRANCA       1584870000003760    IPAD                          104C ECON FEDERAL 280606                                                                                                                                                                                                                                                                                                 00233000001
102021974950001161584870000003760                             82030327142      000                        1421280606                              300606000000000860010409156000000000000125647101290606              0000000000000000000000000000000000000000000000008600000000000000000000000000001290606                         0000000000000000000000000                                             000002
102021974950001161584870000003760                             82030328149      000                        1421280606                              300606000000000860006500016000000000000270663101290606              0000000000000000000000000000000000000000000000008600000000000000000000000000001290606                         0000000000000000000000000                                             000003
102021974950001161584870000003760                             82040629176      000                        1421280606                              280606000000000860006500016000000000000270663101290606              0000000000000000000000000000000000000000000000008600000000000000000000000000001290606                         0000000000000000000000000                                             000004
102021974950001161584870000003760                             82060628124      000                        1421270606                              000000000000000773910412424000000000000240655100270606              0000000000000000000000000000000000000000000000007739000000000000000000000000001270606                         0000000000000000000000000                                             000005
102021974950001161584870000003760                             82070617125      000                        1421280606                              210606000000000760010415806000000000000125647101290606              0000000000000000000000000000000000000000000000007773000000000017300000000000001290606                         0000000000000000000000000                                             000006
102021974950001161584870000003760                             82070622129      000                        1421280606                              210606000000000760010405592000000000000125647101290606              0000000000000000000000000000000000000000000000007805000000000020500000000000001290606                         0000000000000000000000000                                             000007
102021974950001161584870000003760                             82110206163      000                        1421280606                              100406000000000450010407765000000000000125647101290606              0000000000000000000000000000000000000000000000004985000000000048500000000000001290606                         0000000000000000000000000                                             000008
102021974950001161584870000003760                             82110206171      000                        1421280606                              100506000000000450010407765000000000000125647101290606              0000000000000000000000000000000000000000000000004835000000000033500000000000001290606                         0000000000000000000000000                                             000009
102021974950001161584870000003760                             82110323178      000                        1421280606                              300606000000000860010407765000000000000125647101290606              0000000000000000000000000000000000000000000000008600000000000000000000000000001290606                         0000000000000000000000000                                             000010
102021974950001161584870000003760                             82110611130      000                        1421280606                              200606000000000750010407765000000000000125647101290606              0000000000000000000000000000000000000000000000007715000000000021500000000000001290606                         0000000000000000000000000                                             000011
9201104                                                                                                                                                                                                                                                                                                                                                                                                   000012
