02RETORNO01COBRANCA       1584870000003760    IPAD                          104C ECON FEDERAL 260506                                                                                                                                                                                                                                                                                                 00211000001
102021974950001161584870000003760                             82000039629      000                        1421260506                              000000000000000760006500016000000000000270663101290506              0000000000000000000000000000000000000000000000007600000000000000000000000000001290506                         0000000000000000000000000                                             000002
102021974950001161584870000003760                             82000044363      000                        1421260506                              000000000000000760010409237000000000000125647101290506              0000000000000000000000000000000000000000000000007600000000000000000000000000001290506                         0000000000000000000000000                                             000003
102021974950001161584870000003760                             82000044487      000                        1421260506                              000000000000000760000128056000000000000270663101290506              0000000000000000000000000000000000000000000000007600000000000000000000000000001290506                         0000000000000000000000000                                             000004
102021974950001161584870000003760                             82000045432      000                        1421260506                              000000000000000750006500016000000000000270663101290506              0000000000000000000000000000000000000000000000007500000000000000000000000000001290506                         0000000000000000000000000                                             000005
102021974950001161584870000003760                             82010213176      000                        1421260506                              100506000000000750010414338000000000000240655100260506              0000000000000000000000000000000000000000000000007770000000000027000000000000001260506                         0000000000000000000000000                                             000006
102021974950001161584870000003760                             82060718123      000                        1421260506                              150506000000000860010400469000000000000125647101290506              0000000000000000000000000000000000000000000000008867000000000026700000000000001290506                         0000000000000000000000000                                             000007
102021974950001161584870000003760                             82070116169      000                        1421260506                              100306000000000860010400469000000000000125647101290506              0000000000000000000000000000000000000000000000009425000000000082500000000000001290506                         0000000000000000000000000                                             000008
102021974950001161584870000003760                             82070617117      000                        1421260506                              210506000000000760010415806000000000000125647101290506              0000000000000000000000000000000000000000000000007792000000000019200000000000001290506                         0000000000000000000000000                                             000009
102021974950001161584870000003760                             82090110174      000                        1421260506                              100406000000000750010400540000000000000125647101290506              0000000000000000000000000000000000000000000000007972000000000047200000000000001290506                         0000000000000000000000000                                             000010
102021974950001161584870000003760                             82090308179      000                        1421260506                              100406000000000750010407749000000000000125647101290506              0000000000000000000000000000000000000000000000007972000000000047200000000000001290506                         0000000000000000000000000                                             000011
102021974950001161584870000003760                             82091110160      000                        1421260506                              100306000000000750010408770000000000000125647101290506              0000000000000000000000000000000000000000000000008220000000000072000000000000001290506                         0000000000000000000000000                                             000012
102021974950001161584870000003760                             82110219168      000                        1421260506                              100406000000000450010407765000000000000125647101290506              0000000000000000000000000000000000000000000000004774000000000027400000000000001290506                         0000000000000000000000000                                             000013
102021974950001161584870000003760                             82110219176      000                        1421260506                              100506000000000450010407765000000000000125647101290506              0000000000000000000000000000000000000000000000004654000000000015400000000000001290506                         0000000000000000000000000                                             000014
102021974950001161584870000003760                             82110410178      000                        1421260506                              200506000000000750010408125000000000000125647101290506              0000000000000000000000000000000000000000000000007692000000000019200000000000001290506                         0000000000000000000000000                                             000015
9201104                                                                                                                                                                                                                                                                                                                                                                                                   000016
