02RETORNO01COBRANCA       1584870000003760    IPAD                          104C ECON FEDERAL 271205                                                                                                                                                                                                                                                                                                 00109000001
102021974950001161584870000003760                             82040128142      000                        1421271205                              100106000000000430010400523000000000000125647101281205              0000000000000000000000000000000000000000000000004300000000000000000000000000001281205                         0000000000000000000000000                                             000002
102021974950001161584870000003760                             82040436149      000                        1421271205                              100106000000000860000125646000000000000270663101281205              0000000000000000000000000000000000000000000000008600000000000000000000000000001281205                         0000000000000000000000000                                             000003
102021974950001161584870000003760                             82050233143      000                        1421271205                              100106000000000400006500016000000000000270663101281205              0000000000000000000000000000000000000000000000004000000000000000000000000000001281205                         0000000000000000000000000                                             000004
102021974950001161584870000003760                             82050305136      000                        1421271205                              101205000000000860010427782000000000000125647101281205              0000000000000000000000000000000000000000000000008918000000000031800000000000001281205                         0000000000000000000000000                                             000005
102021974950001161584870000003760                             82050317134      000                        1421271205                              101205000000000860010427782000000000000125647101281205              0000000000000000000000000000000000000000000000009095000000000049500000000000001281205                         0000000000000000000000000                                             000006
102021974950001161584870000003760                             82060109151      000                        1421271205                              150106000000000860006500016000000000000270663101281205              0000000000000000000000000000000000000000000000008600000000000000000000000000001281205                         0000000000000000000000000                                             000007
102021974950001161584870000003760                             82060144143      000                        1421271205                              151205000000000860010408761000000000000125647101281205              0000000000000000000000000000000000000000000000008875000000000027500000000000001281205                         0000000000000000000000000                                             000008
102021974950001161584870000003760                             82060308138      000                        1421271205                              150106000000000860010408761000000000000125647101281205              0000000000000000000000000000000000000000000000008600000000000000000000000000001281205                         0000000000000000000000000                                             000009
102021974950001161584870000003760                             82070309137      000                        1421271205                              151205000000000860010408672000000000000125647101281205              0000000000000000000000000000000000000000000000008875000000000027500000000000001281205                         0000000000000000000000000                                             000010
102021974950001161584870000003760                             82091006141      000                        1421271205                              100106000000000750010408770000000000000125647101281205              0000000000000000000000000000000000000000000000007500000000000000000000000000001281205                         0000000000000000000000000                                             000011
102021974950001161584870000003760                             82110410127      000                        1421271205                              201205000000000750010408125000000000000125647101281205              0000000000000000000000000000000000000000000000007699000000000019900000000000001281205                         0000000000000000000000000                                             000012
102021974950001161584870000003760                             82999033420      000                        1421271205                              301205000000000860006500016000000000000270663101281205              0000000000000000000000000000000000000000000000008600000000000000000000000000001281205                         0000000000000000000000000                                             000013
9201104                                                                                                                                                                                                                                                                                                                                                                                                   000014
