02RETORNO01COBRANCA       1584870000003760    IPAD                          104C ECON FEDERAL 260106                                                                                                                                                                                                                                                                                                 00130000001
102021974950001161584870000003760                             82060303136      000                        1421260106                              150106000000000860010408761000000000000125647101270106              0000000000000000000000000000000000000000000000008867000000000026700000000000001270106                         0000000000000000000000000                                             000002
102021974950001161584870000003760                             82060312135      000                        1421260106                              150106000000000860010408761000000000000125647101270106              0000000000000000000000000000000000000000000000008867000000000026700000000000001270106                         0000000000000000000000000                                             000003
102021974950001161584870000003760                             82070229141      000                        1421260106                              100106000000000860010423485000000000000240655100260106              0000000000000000000000000000000000000000000000008790000000000019000000000000001260106                         0000000000000000000000000                                             000004
102021974950001161584870000003760                             82090503141      000                        1421260106                              100106000000000375010408770000000000000125647101270106              0000000000000000000000000000000000000000000000003886000000000013600000000000001270106                         0000000000000000000000000                                             000005
102021974950001161584870000003760                             82090816123      000                        1421260106                              150106000000000450010408770000000000000125647101270106              0000000000000000000000000000000000000000000000004601000000000010100000000000001270106                         0000000000000000000000000                                             000006
102021974950001161584870000003760                             82091034145      000                        1421260106                              100106000000000375010408770000000000000125647101270106              0000000000000000000000000000000000000000000000003873000000000012300000000000001270106                         0000000000000000000000000                                             000007
102021974950001161584870000003760                             82110407126      000                        1421260106                              201205000000000750010408125000000000000125647101270106              0000000000000000000000000000000000000000000000007692000000000019200000000000001270106                         0000000000000000000000000                                             000008
102021974950001161584870000003760                             82110407134      000                        1421260106                              200106000000000750010408125000000000000125647101270106              0000000000000000000000000000000000000000000000007692000000000019200000000000001270106                         0000000000000000000000000                                             000009
102021974950001161584870000003760                             82130221141      000                        1421260106                              101205000000000860010409148000000000000125647101270106              0000000000000000000000000000000000000000000000009004000000000040400000000000001270106                         0000000000000000000000000                                             000010
9201104                                                                                                                                                                                                                                                                                                                                                                                                   000011
