02RETORNO01COBRANCA       1584870000003760    IPAD                          104C ECON FEDERAL 281105                                                                                                                                                                                                                                                                                                 00088000001
102021974950001161584870000003760                             82040128134      000                        1421281105                              101205000000000430010400523000000000000125647101291105              0000000000000000000000000000000000000000000000004300000000000000000000000000001291105                         0000000000000000000000000                                             000002
102021974950001161584870000003760                             82040301120      000                        1421281105                              251105000000000360010400523000000000000125647101291105              0000000000000000000000000000000000000000000000003681000000000008100000000000001291105                         0000000000000000000000000                                             000003
102021974950001161584870000003760                             82040304129      000                        1421281105                              251105000000000360010400523000000000000125647101291105              0000000000000000000000000000000000000000000000003620000000000002000000000000001291105                         0000000000000000000000000                                             000004
102021974950001161584870000003760                             82050233135      000                        1421281105                              101205000000000400006500016000000000000270663101291105              0000000000000000000000000000000000000000000000004000000000000000000000000000001291105                         0000000000000000000000000                                             000005
102021974950001161584870000003760                             82060106144      000                        1421281105                              151205000000000860023719046000000000000270663101291105              0000000000000000000000000000000000000000000000008600000000000000000000000000001291105                         0000000000000000000000000                                             000006
102021974950001161584870000003760                             82060109143      000                        1421281105                              151205000000000860010408672000000000000125647101291105              0000000000000000000000000000000000000000000000008600000000000000000000000000001291105                         0000000000000000000000000                                             000007
102021974950001161584870000003760                             82070510126      000                        1421281105                              151105000000000860010410308000000000000125647101291105              0000000000000000000000000000000000000000000000008866000000000026600000000000001291105                         0000000000000000000000000                                             000008
102021974950001161584870000003760                             82090330123      000                        1421281105                              301105000000000640010407749000000000000125647101291105              0000000000000000000000000000000000000000000000006400000000000000000000000000001291105                         0000000000000000000000000                                             000009
102021974950001161584870000003760                             82090720126      000                        1421281105                              101105000000000750010408770000000000000125647101291105              0000000000000000000000000000000000000000000000007776000000000027600000000000001291105                         0000000000000000000000000                                             000010
102021974950001161584870000003760                             82091020136      000                        1421281105                              101205000000000375010408770000000000000125647101291105              0000000000000000000000000000000000000000000000003750000000000000000000000000001291105                         0000000000000000000000000                                             000011
102021974950001161584870000003760                             82091103120      000                        1421281105                              101105000000000640010408770000000000000125647101291105              0000000000000000000000000000000000000000000000006643000000000024300000000000001291105                         0000000000000000000000000                                             000012
102021974950001161584870000003760                             82091120122      000                        1421281105                              101105000000000640010408770000000000000125647101291105              0000000000000000000000000000000000000000000000006643000000000024300000000000001291105                         0000000000000000000000000                                             000013
102021974950001161584870000003760                             82091129120      000                        1421281105                              101105000000000750010400540000000000000240655100281105              0000000000000000000000000000000000000000000000007794000000000029400000000000001281105                         0000000000000000000000000                                             000014
102021974950001161584870000003760                             82120122124      000                        1421281105                              101105000000000550010421245000000000000125647101291105              0000000000000000000000000000000000000000000000005700000000000020000000000000001291105                         0000000000000000000000000                                             000015
102021974950001161584870000003760                             82120127126      000                        1421281105                              101105000000000550010421245000000000000125647101291105              0000000000000000000000000000000000000000000000005700000000000020000000000000001291105                         0000000000000000000000000                                             000016
102021974950001161584870000003760                             82130115147      000                        1421281105                              101205000000000860010409148000000000000125647101291105              0000000000000000000000000000000000000000000000008600000000000000000000000000001291105                         0000000000000000000000000                                             000017
102021974950001161584870000003760                             82999031745      000                        1421281105                              301105000000000860010409156000000000000125647101291105              0000000000000000000000000000000000000000000000008600000000000000000000000000001291105                         0000000000000000000000000                                             000018
9201104                                                                                                                                                                                                                                                                                                                                                                                                   000019
