02RETORNO01COBRANCA       1584870000003760    IPAD                          104C ECON FEDERAL 251105                                                                                                                                                                                                                                                                                                 00087000001
102021974950001161584870000003760                             82040303122      000                        1421251105                              251105000000000360000117326000000000000270663101281105              0000000000000000000000000000000000000000000000003600000000000000000000000000001281105                         0000000000000000000000000                                             000002
102021974950001161584870000003760                             82040316127      000                        1421251105                              251105000000000360010400523000000000000125647101281105              0000000000000000000000000000000000000000000000003600000000000000000000000000001281105                         0000000000000000000000000                                             000003
102021974950001161584870000003760                             82040320124      000                        1421251105                              251105000000000360010400523000000000000125647101281105              0000000000000000000000000000000000000000000000003600000000000000000000000000001281105                         0000000000000000000000000                                             000004
102021974950001161584870000003760                             82040325126      000                        1421251105                              251105000000000360006500016000000000000270663101281105              0000000000000000000000000000000000000000000000003600000000000000000000000000001281105                         0000000000000000000000000                                             000005
102021974950001161584870000003760                             82040328125      000                        1421251105                              251105000000000360006500016000000000000270663101281105              0000000000000000000000000000000000000000000000003600000000000000000000000000001281105                         0000000000000000000000000                                             000006
102021974950001161584870000003760                             82040330120      000                        1421251105                              251105000000000360010400523000000000000125647101281105              0000000000000000000000000000000000000000000000003600000000000000000000000000001281105                         0000000000000000000000000                                             000007
102021974950001161584870000003760                             82040333129      000                        1421251105                              251105000000000360006500016000000000000270663101281105              0000000000000000000000000000000000000000000000003600000000000000000000000000001281105                         0000000000000000000000000                                             000008
102021974950001161584870000003760                             82040603126      000                        1421251105                              251105000000000360010400523000000000000125647101281105              0000000000000000000000000000000000000000000000003600000000000000000000000000001281105                         0000000000000000000000000                                             000009
102021974950001161584870000003760                             82050208130      000                        1421251105                              101205000000000400006500016000000000000270663101281105              0000000000000000000000000000000000000000000000004000000000000000000000000000001281105                         0000000000000000000000000                                             000010
102021974950001161584870000003760                             82050214130      000                        1421251105                              101205000000000400006500016000000000000270663101281105              0000000000000000000000000000000000000000000000004000000000000000000000000000001281105                         0000000000000000000000000                                             000011
102021974950001161584870000003760                             82050305128      000                        1421251105                              101105000000000860010427782000000000000125647101281105              0000000000000000000000000000000000000000000000008784000000000018400000000000001281105                         0000000000000000000000000                                             000012
102021974950001161584870000003760                             82060145131      000                        1421251105                              151105000000000860010430171000000000000125647101281105              0000000000000000000000000000000000000000000000008858000000000025800000000000001281105                         0000000000000000000000000                                             000013
102021974950001161584870000003760                             82070527126      000                        1421251105                              151105000000000860010406483000000000000125647101281105              0000000000000000000000000000000000000000000000008852000000000025200000000000001281105                         0000000000000000000000000                                             000014
102021974950001161584870000003760                             82090124124      000                        1421251105                              251105000000000640023717836000000000000270663101281105              0000000000000000000000000000000000000000000000006400000000000000000000000000001281105                         0000000000000000000000000                                             000015
102021974950001161584870000003760                             82090320128      000                        1421251105                              251105000000000640010407749000000000000125647101281105              0000000000000000000000000000000000000000000000006400000000000000000000000000001281105                         0000000000000000000000000                                             000016
102021974950001161584870000003760                             82090321124      000                        1421251105                              251105000000000640010407749000000000000125647101281105              0000000000000000000000000000000000000000000000006400000000000000000000000000001281105                         0000000000000000000000000                                             000017
102021974950001161584870000003760                             82090419124      000                        1421251105                              251105000000000640075641796000000000000270663101281105              0000000000000000000000000000000000000000000000006400000000000000000000000000001281105                         0000000000000000000000000                                             000018
102021974950001161584870000003760                             82130110145      000                        1421251105                              101205000000000860010409148000000000000125647101281105              0000000000000000000000000000000000000000000000008600000000000000000000000000001281105                         0000000000000000000000000                                             000019
102021974950001161584870000003760                             82999032237      000                        1421251105                              301105000000000860010408761000000000000240655100251105              0000000000000000000000000000000000000000000000008600000000000000000000000000001251105                         0000000000000000000000000                                             000020
9201104                                                                                                                                                                                                                                                                                                                                                                                                   000021
