02RETORNO01COBRANCA       1584870000003760    IPAD                          104C ECON FEDERAL 291205                                                                                                                                                                                                                                                                                                 00111000001
102021974950001161584870000003760                             82010221136      000                        1421291205                              100106000000000420007347476000000000000270663101301205              0000000000000000000000000000000000000000000000004200000000000000000000000000001301205                         0000000000000000000000000                                             000002
102021974950001161584870000003760                             82050115140      000                        1421291205                              000000000000000400039928996000000000000270663101301205              0000000000000000000000000000000000000000000000004000000000000000000000000000001301205                         0000000000000000000000000                                             000003
102021974950001161584870000003760                             82050138140      000                        1421291205                              180108000000000400006500016000000000000270663101301205              0000000000000000000000000000000000000000000000004000000000000000000000000000001301205                         0000000000000000000000000                                             000004
102021974950001161584870000003760                             82070310135      000                        1421291205                              151205000000000860010410308000000000000125647101301205              0000000000000000000000000000000000000000000000008893000000000029300000000000001301205                         0000000000000000000000000                                             000005
102021974950001161584870000003760                             82070423134      000                        1421291205                              151205000000000860010430171000000000000125647101301205              0000000000000000000000000000000000000000000000008784000000000018400000000000001301205                         0000000000000000000000000                                             000006
102021974950001161584870000003760                             82090333149      000                        1421291205                              100106000000000750010400540000000000000125647101301205              0000000000000000000000000000000000000000000000007500000000000000000000000000001301205                         0000000000000000000000000                                             000007
102021974950001161584870000003760                             82090335141      000                        1421291205                              100106000000000750010400540000000000000125647101301205              0000000000000000000000000000000000000000000000007500000000000000000000000000001301205                         0000000000000000000000000                                             000008
102021974950001161584870000003760                             82090604142      000                        1421291205                              100106000000000375010408770000000000000125647101301205              0000000000000000000000000000000000000000000000003750000000000000000000000000001301205                         0000000000000000000000000                                             000009
102021974950001161584870000003760                             82091116133      000                        1421291205                              101205000000000750010400540000000000000125647101301205              0000000000000000000000000000000000000000000000007785000000000028500000000000001301205                         0000000000000000000000000                                             000010
9201104                                                                                                                                                                                                                                                                                                                                                                                                   000011
