02RETORNO01COBRANCA       1584870000003760    IPAD                          104C ECON FEDERAL 260107                                                                                                                                                                                                                                                                                                 00378000001
102021974950001161584870000003760                             82030711171      000                        1421260107                              100207000000000760039928996000000000000270663101290107              0000000000000000000000000000000000000000000000007600000000000000000000000000001290107                         0000000000000000000000000                                             000002
102021974950001161584870000003760                             82030720162      000                        1421260107                              100107000000000760010409148000000000000125647101290107              0000000000000000000000000000000000000000000000007872000000000027200000000000001290107                         0000000000000000000000000                                             000003
9201104                                                                                                                                                                                                                                                                                                                                                                                                   000004
