02RETORNO01COBRANCA       1584870000003760    IPAD                          104C ECON FEDERAL 280306                                                                                                                                                                                                                                                                                                 00171000001
102021974950001161584870000003760                             82000032748      000                        1421280306                              050306000000000860010430171000000000000125647101290306              0000000000000000000000000000000000000000000000008970000000000037000000000000001290306                         0000000000000000000000000                                             000002
102021974950001161584870000003760                             82000032756      000                        1421280306                              050306000000000860010430171000000000000125647101290306              0000000000000000000000000000000000000000000000008970000000000037000000000000001290306                         0000000000000000000000000                                             000003
102021974950001161584870000003760                             82000032764      000                        1421280306                              050306000000000860010430171000000000000125647101290306              0000000000000000000000000000000000000000000000008969000000000036900000000000001290306                         0000000000000000000000000                                             000004
102021974950001161584870000003760                             82030126163      000                        1421280306                              100406000000000750010424465000000000000125647101290306              0000000000000000000000000000000000000000000000007500000000000000000000000000001290306                         0000000000000000000000000                                             000005
102021974950001161584870000003760                             82040126174      000                        1421280306                              100406000000000860006500016000000000000270663101290306              0000000000000000000000000000000000000000000000008600000000000000000000000000001290306                         0000000000000000000000000                                             000006
102021974950001161584870000003760                             82040128177      000                        1421280306                              100406000000000430010400523000000000000125647101290306              0000000000000000000000000000000000000000000000004300000000000000000000000000001290306                         0000000000000000000000000                                             000007
102021974950001161584870000003760                             82040622163      000                        1421280306                              100306000000000860010400523000000000000125647101290306              0000000000000000000000000000000000000000000000008800000000000020000000000000001290306                         0000000000000000000000000                                             000008
102021974950001161584870000003760                             82050218179      000                        1421280306                              100406000000000400006500016000000000000270663101290306              0000000000000000000000000000000000000000000000004000000000000000000000000000001290306                         0000000000000000000000000                                             000009
102021974950001161584870000003760                             82050307147      000                        1421280306                              100106000000000860010427782000000000000125647101290306              0000000000000000000000000000000000000000000000009334000000000073400000000000001290306                         0000000000000000000000000                                             000010
102021974950001161584870000003760                             82050307155      000                        1421280306                              100206000000000860010427782000000000000125647101290306              0000000000000000000000000000000000000000000000009168000000000056800000000000001290306                         0000000000000000000000000                                             000011
102021974950001161584870000003760                             82050307163      000                        1421280306                              100306000000000860010427782000000000000125647101290306              0000000000000000000000000000000000000000000000008927000000000032700000000000001290306                         0000000000000000000000000                                             000012
102021974950001161584870000003760                             82090219168      000                        1421280306                              100306000000000750010400540000000000000125647101290306              0000000000000000000000000000000000000000000000007776000000000027600000000000001290306                         0000000000000000000000000                                             000013
102021974950001161584870000003760                             82091020179      000                        1421280306                              100406000000000375010408770000000000000125647101290306              0000000000000000000000000000000000000000000000003750000000000000000000000000001290306                         0000000000000000000000000                                             000014
102021974950001161584870000003760                             82091030174      000                        1421280306                              100406000000000375010408770000000000000125647101290306              0000000000000000000000000000000000000000000000003750000000000000000000000000001290306                         0000000000000000000000000                                             000015
102021974950001161584870000003760                             82110201153      000                        1421280306                              100306000000000450010407765000000000000240655100280306              0000000000000000000000000000000000000000000000004680000000000018000000000000001280306                         0000000000000000000000000                                             000016
102021974950001161584870000003760                             82110211159      000                        1421280306                              100306000000000450010407765000000000000240655100280306              0000000000000000000000000000000000000000000000004680000000000018000000000000001280306                         0000000000000000000000000                                             000017
102021974950001161584870000003760                             82110212163      000                        1421280306                              100406000000000450007347476000000000000270663101290306              0000000000000000000000000000000000000000000000004500000000000000000000000000001290306                         0000000000000000000000000                                             000018
102021974950001161584870000003760                             82120120164      000                        1421280306                              100306000000000650010421245000000000000125647101290306              0000000000000000000000000000000000000000000000006738000000000023800000000000001290306                         0000000000000000000000000                                             000019
9201104                                                                                                                                                                                                                                                                                                                                                                                                   000020
