02RETORNO01COBRANCA       1584870000003760    IPAD                          104C ECON FEDERAL 250107                                                                                                                                                                                                                                                                                                 00377000001
102021974950001161584870000003760                             82030509151      000                        1421250107                              151106000000000760010409156000000000000240655100250107              0000000000000000000000000000000000000000000000008292000000000069200000000000001250107                         0000000000000000000000000                                             000002
102021974950001161584870000003760                             82030724168      000                        1421250107                              100107000000000760010409148000000000000125647101260107              0000000000000000000000000000000000000000000000007763000000000016300000000000001260107                         0000000000000000000000000                                             000003
102021974950001161584870000003760                             82030729160      000                        1421250107                              100107000000000760010409148000000000000125647101260107              0000000000000000000000000000000000000000000000007763000000000016300000000000001260107                         0000000000000000000000000                                             000004
102021974950001161584870000003760                             82030732160      000                        1421250107                              100107000000000760010409148000000000000125647101260107              0000000000000000000000000000000000000000000000007866000000000026600000000000001260107                         0000000000000000000000000                                             000005
102021974950001161584870000003760                             82031001119      000                        1421250107                              301206000000000760010400523000000000000125647101260107              0000000000000000000000000000000000000000000000007779000000000017900000000000001260107                         0000000000000000000000000                                             000006
102021974950001161584870000003760                             82060335160      000                        1421250107                              120207000000000860039928996000000000000270663101260107              0000000000000000000000000000000000000000000000008600000000000000000000000000001260107                         0000000000000000000000000                                             000007
102021974950001161584870000003760                             82060412164      000                        1421250107                              101206000000000760010430171000000000000125647101260107              0000000000000000000000000000000000000000000000008116000000000051600000000000001260107                         0000000000000000000000000                                             000008
102021974950001161584870000003760                             82071225166      000                        1421250107                              101206000000000760010400450000000000000240655100250107              0000000000000000000000000000000000000000000000008120000000000052000000000000001250107                         0000000000000000000000000                                             000009
9201104                                                                                                                                                                                                                                                                                                                                                                                                   000010
