02RETORNO01COBRANCA       1584870000003760    IPAD                          104C ECON FEDERAL 290306                                                                                                                                                                                                                                                                                                 00172000001
102021974950001161584870000003760                             82000036050      000                        1421290306                              150306000000000860010409156000000000000125647101300306              0000000000000000000000000000000000000000000000008876000000000027600000000000001300306                         0000000000000000000000000                                             000002
102021974950001161584870000003760                             82050103169      000                        1421290306                              100306000000000400010400531000000000000125647101300306              0000000000000000000000000000000000000000000000004156000000000015600000000000001300306                         0000000000000000000000000                                             000003
102021974950001161584870000003760                             82050107172      000                        1421290306                              100406000000000400006500016000000000000270663101300306              0000000000000000000000000000000000000000000000004000000000000000000000000000001300306                         0000000000000000000000000                                             000004
102021974950001161584870000003760                             82050113164      000                        1421290306                              100306000000000400010400531000000000000125647101300306              0000000000000000000000000000000000000000000000004116000000000011600000000000001300306                         0000000000000000000000000                                             000005
102021974950001161584870000003760                             82050116171      000                        1421290306                              100406000000000400006500016000000000000270663101300306              0000000000000000000000000000000000000000000000004000000000000000000000000000001300306                         0000000000000000000000000                                             000006
102021974950001161584870000003760                             82050118158      000                        1421290306                              100206000000000400010400531000000000000125647101300306              0000000000000000000000000000000000000000000000004280000000000028000000000000001300306                         0000000000000000000000000                                             000007
102021974950001161584870000003760                             82050122163      000                        1421290306                              100306000000000400010400531000000000000125647101300306              0000000000000000000000000000000000000000000000004156000000000015600000000000001300306                         0000000000000000000000000                                             000008
102021974950001161584870000003760                             82050208173      000                        1421290306                              100406000000000400006500016000000000000270663101300306              0000000000000000000000000000000000000000000000004000000000000000000000000000001300306                         0000000000000000000000000                                             000009
102021974950001161584870000003760                             82050214173      000                        1421290306                              100406000000000400006500016000000000000270663101300306              0000000000000000000000000000000000000000000000004000000000000000000000000000001300306                         0000000000000000000000000                                             000010
102021974950001161584870000003760                             82050232163      000                        1421290306                              100306000000000400010400531000000000000125647101300306              0000000000000000000000000000000000000000000000004152000000000015200000000000001300306                         0000000000000000000000000                                             000011
102021974950001161584870000003760                             82050233178      000                        1421290306                              100406000000000400006500016000000000000270663101300306              0000000000000000000000000000000000000000000000004000000000000000000000000000001300306                         0000000000000000000000000                                             000012
102021974950001161584870000003760                             82050237165      000                        1421290306                              100406000000026950000116506000000000000270663101300306              0000000000000000000000000000000000000000000000269500000000000000000000000000001300306                         0000000000000000000000000                                             000013
102021974950001161584870000003760                             82060141179      000                        1421290306                              150306000000000860010430171000000000000240655100290306              0000000000000000000000000000000000000000000000008892000000000029200000000000001290306                         0000000000000000000000000                                             000014
102021974950001161584870000003760                             82070423150      000                        1421290306                              150206000000000860010430171000000000000125647101300306              0000000000000000000000000000000000000000000000008892000000000029200000000000001300306                         0000000000000000000000000                                             000015
102021974950001161584870000003760                             82091023151      000                        1421290306                              100206000000000375010408770000000000000125647101300306              0000000000000000000000000000000000000000000000003963000000000021300000000000001300306                         0000000000000000000000000                                             000016
102021974950001161584870000003760                             82091023160      000                        1421290306                              100306000000000375010408770000000000000125647101300306              0000000000000000000000000000000000000000000000003882000000000013200000000000001300306                         0000000000000000000000000                                             000017
9201104                                                                                                                                                                                                                                                                                                                                                                                                   000018
