02RETORNO01COBRANCA       1584870000003760    IPAD                          104C ECON FEDERAL 290506                                                                                                                                                                                                                                                                                                 00212000001
102021974950001161584870000003760                             82000043170      000                        1421290506                              000000000000000760010409148000000000000125647101300506              0000000000000000000000000000000000000000000000007600000000000000000000000000001300506                         0000000000000000000000000                                             000002
102021974950001161584870000003760                             82000043901      000                        1421290506                              000000000000000760010409148000000000000125647101300506              0000000000000000000000000000000000000000000000007600000000000000000000000000001300506                         0000000000000000000000000                                             000003
102021974950001161584870000003760                             82000044053      000                        1421290506                              000000000000000760010409148000000000000125647101300506              0000000000000000000000000000000000000000000000007600000000000000000000000000001300506                         0000000000000000000000000                                             000004
102021974950001161584870000003760                             82000044460      000                        1421290506                              000000000000000760035601326000000000000270663101300506              0000000000000000000000000000000000000000000000007600000000000000000000000000001300506                         0000000000000000000000000                                             000005
102021974950001161584870000003760                             82000045076      000                        1421290506                              000000000000000760010409156000000000000125647101300506              0000000000000000000000000000000000000000000000007600000000000000000000000000001300506                         0000000000000000000000000                                             000006
102021974950001161584870000003760                             82000045432      000                        1421290506                              000000000000000750039928996000000000000270663101300506              0000000000000000000000000000000000000000000000007500000000000000000000000000001300506                         0000000000000000000000000                                             000007
102021974950001161584870000003760                             82000045432      000                        1421290506                              000000000000000750075641796000000000000270663101300506              0000000000000000000000000000000000000000000000007500000000000000000000000000001300506                         0000000000000000000000000                                             000008
102021974950001161584870000003760                             82030325131      000                        1421290506                              300506000000000860006500016000000000000270663101300506              0000000000000000000000000000000000000000000000008600000000000000000000000000001300506                         0000000000000000000000000                                             000009
102021974950001161584870000003760                             82030414134      000                        1421290506                              100606000000000760006500016000000000000270663101300506              0000000000000000000000000000000000000000000000007600000000000000000000000000001300506                         0000000000000000000000000                                             000010
102021974950001161584870000003760                             82050336120      000                        1421290506                              100506000000000860010410383000000000000125647101300506              0000000000000000000000000000000000000000000000008924000000000032400000000000001300506                         0000000000000000000000000                                             000011
102021974950001161584870000003760                             82060218163      000                        1421290506                              100406000000000860010421911000000000000125647101300506              0000000000000000000000000000000000000000000000009148000000000054800000000000001300506                         0000000000000000000000000                                             000012
102021974950001161584870000003760                             82060237176      000                        1421290506                              100506000000000860010421911000000000000125647101300506              0000000000000000000000000000000000000000000000008916000000000031600000000000001300506                         0000000000000000000000000                                             000013
102021974950001161584870000003760                             82060701123      000                        1421290506                              150506000000000860010400469000000000000240655100290506              0000000000000000000000000000000000000000000000008892000000000029200000000000001290506                         0000000000000000000000000                                             000014
102021974950001161584870000003760                             82070130153      000                        1421290506                              250506000000000860010400493000000000000240655100290506              0000000000000000000000000000000000000000000000008808000000000020800000000000001290506                         0000000000000000000000000                                             000015
102021974950001161584870000003760                             82090419167      000                        1421290506                              100306000000000750010400540000000000000125647101300506              0000000000000000000000000000000000000000000000008235000000000073500000000000001300506                         0000000000000000000000000                                             000016
102021974950001161584870000003760                             82091019120      000                        1421290506                              101105000000000375010408770000000000000125647101300506              0000000000000000000000000000000000000000000000004420000000000067000000000000001300506                         0000000000000000000000000                                             000017
102021974950001161584870000003760                             82091019138      000                        1421290506                              101205000000000375010408770000000000000125647101300506              0000000000000000000000000000000000000000000000004338000000000058800000000000001300506                         0000000000000000000000000                                             000018
102021974950001161584870000003760                             82091019146      000                        1421290506                              100106000000000375010408770000000000000125647101300506              0000000000000000000000000000000000000000000000004240000000000049000000000000001300506                         0000000000000000000000000                                             000019
102021974950001161584870000003760                             82091039163      000                        1421290506                              100306000000000375010408770000000000000125647101300506              0000000000000000000000000000000000000000000000004059000000000030900000000000001300506                         0000000000000000000000000                                             000020
102021974950001161584870000003760                             82091039171      000                        1421290506                              100406000000000375010408770000000000000125647101300506              0000000000000000000000000000000000000000000000003966000000000021600000000000001300506                         0000000000000000000000000                                             000021
102021974950001161584870000003760                             82091217177      000                        1421290506                              100406000000000750010400540000000000000125647101300506              0000000000000000000000000000000000000000000000007993000000000049300000000000001300506                         0000000000000000000000000                                             000022
102021974950001161584870000003760                             82110411174      000                        1421290506                              200506000000000750010407765000000000000125647101300506              0000000000000000000000000000000000000000000000007722000000000022200000000000001300506                         0000000000000000000000000                                             000023
102021974950001161584870000003760                             82110626120      000                        1421290506                              250506000000000750010407765000000000000125647101300506              0000000000000000000000000000000000000000000000007682000000000018200000000000001300506                         0000000000000000000000000                                             000024
102021974950001161584870000003760                             82110711127      000                        1421290506                              250506000000000750010407765000000000000125647101300506              0000000000000000000000000000000000000000000000007682000000000018200000000000001300506                         0000000000000000000000000                                             000025
102021974950001161584870000003760                             82110714126      000                        1421290506                              250506000000000750010407765000000000000125647101300506              0000000000000000000000000000000000000000000000007682000000000018200000000000001300506                         0000000000000000000000000                                             000026
102021974950001161584870000003760                             82110728127      000                        1421290506                              250506000000000750010407765000000000000125647101300506              0000000000000000000000000000000000000000000000007682000000000018200000000000001300506                         0000000000000000000000000                                             000027
102021974950001161584870000003760                             82110825122      000                        1421290506                              250506000000000750010407765000000000000125647101300506              0000000000000000000000000000000000000000000000007682000000000018200000000000001300506                         0000000000000000000000000                                             000028
9201104                                                                                                                                                                                                                                                                                                                                                                                                   000029
