02RETORNO01COBRANCA       1584870000003760    IPAD                          104C ECON FEDERAL 290906                                                                                                                                                                                                                                                                                                 00299000001
102021974950001161584870000003760                             82030304177      000                        1421290906                              300906000000000860006500016000000000000270663101021006              0000000000000000000000000000000000000000000000008600000000000000000000000000001021006                         0000000000000000000000000                                             000002
102021974950001161584870000003760                             82030313176      000                        1421290906                              300906000000000860006500016000000000000270663101021006              0000000000000000000000000000000000000000000000008600000000000000000000000000001021006                         0000000000000000000000000                                             000003
102021974950001161584870000003760                             82030425179      000                        1421290906                              101006000000000760010407757000000000000125647101021006              0000000000000000000000000000000000000000000000007600000000000000000000000000001021006                         0000000000000000000000000                                             000004
102021974950001161584870000003760                             82030708120      000                        1421290906                              100906000000000760010409148000000000000125647101021006              0000000000000000000000000000000000000000000000007896000000000029600000000000001021006                         0000000000000000000000000                                             000005
102021974950001161584870000003760                             82030904123      000                        1421290906                              100806000000000760010407757000000000000125647101021006              0000000000000000000000000000000000000000000000008132000000000053200000000000001021006                         0000000000000000000000000                                             000006
102021974950001161584870000003760                             82040519176      000                        1421290906                              290906000000000860010400523000000000000125647101021006              0000000000000000000000000000000000000000000000008600000000000000000000000000001021006                         0000000000000000000000000                                             000007
102021974950001161584870000003760                             82060513114      000                        1421290906                              000000000000000760039928996000000000000270663101021006              0000000000000000000000000000000000000000000000007600000000000000000000000000001021006                         0000000000000000000000000                                             000008
102021974950001161584870000003760                             82060513122      000                        1421290906                              000000000000000760039928996000000000000270663101021006              0000000000000000000000000000000000000000000000007600000000000000000000000000001021006                         0000000000000000000000000                                             000009
102021974950001161584870000003760                             82060513130      000                        1421290906                              000000000000000760039928996000000000000270663101021006              0000000000000000000000000000000000000000000000007600000000000000000000000000001021006                         0000000000000000000000000                                             000010
102021974950001161584870000003760                             82110216150      000                        1421290906                              300906000000000450010407765000000000000125620101021006              0000000000000000000000000000000000000000000000004500000000000000000000000000001021006                         0000000000000000000000000                                             000011
102021974950001161584870000003760                             82110827168      000                        1421290906                              200906000000000750010407765000000000000125647101021006              0000000000000000000000000000000000000000000000007500000000000000000000000000001021006                         0000000000000000000000000                                             000012
9201104                                                                                                                                                                                                                                                                                                                                                                                                   000013
