02RETORNO01COBRANCA       1584870000003760    IPAD                          104C ECON FEDERAL 280706                                                                                                                                                                                                                                                                                                 00255000001
102021974950001161584870000003760                             82030219358      000                        1421280706                              300706000000000860010409156000000000000125647101310706              0000000000000000000000000000000000000000000000008600000000000000000000000000001310706                         0000000000000000000000000                                             000002
102021974950001161584870000003760                             82030304150      000                        1421280706                              300706000000000860006500016000000000000270663101310706              0000000000000000000000000000000000000000000000008600000000000000000000000000001310706                         0000000000000000000000000                                             000003
102021974950001161584870000003760                             82030305157      000                        1421280706                              300706000000000860007347476000000000000270663101310706              0000000000000000000000000000000000000000000000008600000000000000000000000000001310706                         0000000000000000000000000                                             000004
102021974950001161584870000003760                             82030316140      000                        1421280706                              100806000000000860006500016000000000000270663101310706              0000000000000000000000000000000000000000000000008600000000000000000000000000001310706                         0000000000000000000000000                                             000005
102021974950001161584870000003760                             82030329145      000                        1421280706                              300606000000000860010409156000000000000125647101310706              0000000000000000000000000000000000000000000000008996000000000039600000000000001310706                         0000000000000000000000000                                             000006
102021974950001161584870000003760                             82030406131      000                        1421280706                              100606000000000760010407757000000000000125647101310706              0000000000000000000000000000000000000000000000007800000000000020000000000000001310706                         0000000000000000000000000                                             000007
102021974950001161584870000003760                             82030406140      000                        1421280706                              100706000000000760010407757000000000000125647101310706              0000000000000000000000000000000000000000000000007770000000000017000000000000001310706                         0000000000000000000000000                                             000008
102021974950001161584870000003760                             82060629139      000                        1421280706                              150706000000000750010412424000000000000125647101310706              0000000000000000000000000000000000000000000000007747000000000024700000000000001310706                         0000000000000000000000000                                             000009
102021974950001161584870000003760                             82060719146      000                        1421280706                              150706000000000860010410286000000000000125647101310706              0000000000000000000000000000000000000000000000008880000000000028000000000000001310706                         0000000000000000000000000                                             000010
102021974950001161584870000003760                             82060722139      000                        1421280706                              150706000000000860010410286000000000000125647101310706              0000000000000000000000000000000000000000000000008786000000000018600000000000001310706                         0000000000000000000000000                                             000011
102021974950001161584870000003760                             82070722115      000                        1421280706                              200706000000000760010405592000000000000125647101310706              0000000000000000000000000000000000000000000000007812000000000021200000000000001310706                         0000000000000000000000000                                             000012
102021974950001161584870000003760                             82071218119      000                        1421280706                              100706000000000760010400485000000000000125647101310706              0000000000000000000000000000000000000000000000007896000000000029600000000000001310706                         0000000000000000000000000                                             000013
102021974950001161584870000003760                             82090933170      000                        1421280706                              300706000000000750010408770000000000000125647101310706              0000000000000000000000000000000000000000000000007500000000000000000000000000001310706                         0000000000000000000000000                                             000014
102021974950001161584870000003760                             82110726140      000                        1421280706                              250706000000000750010407765000000000000125647101310706              0000000000000000000000000000000000000000000000007674000000000017400000000000001310706                         0000000000000000000000000                                             000015
102021974950001161584870000003760                             82110727147      000                        1421280706                              250706000000000750010407765000000000000125647101310706              0000000000000000000000000000000000000000000000007674000000000017400000000000001310706                         0000000000000000000000000                                             000016
9201104                                                                                                                                                                                                                                                                                                                                                                                                   000017
