02RETORNO01COBRANCA       1584870000003760    IPAD                          104C ECON FEDERAL 301006                                                                                                                                                                                                                                                                                                 00319000001
102021974950001161584870000003760                             82000050096      000                        1421301006                              000000000000000760010409156000000000000125647101311006              0000000000000000000000000000000000000000000000007600000000000000000000000000001311006                         0000000000000000000000000                                             000002
102021974950001161584870000003760                             82030710132      000                        1421301006                              101006000000000760010409148000000000000125647101311006              0000000000000000000000000000000000000000000000007600000000000000000000000000001311006                         0000000000000000000000000                                             000003
102021974950001161584870000003760                             82030718133      000                        1421301006                              101006000000000760010409148000000000000125647101311006              0000000000000000000000000000000000000000000000007600000000000000000000000000001311006                         0000000000000000000000000                                             000004
102021974950001161584870000003760                             82030729143      000                        1421301006                              101106000000000760010409148000000000000125647101311006              0000000000000000000000000000000000000000000000007600000000000000000000000000001311006                         0000000000000000000000000                                             000005
102021974950001161584870000003760                             82060613178      000                        1421301006                              151006000000000750010412424000000000000125647101311006              0000000000000000000000000000000000000000000000007755000000000025500000000000001311006                         0000000000000000000000000                                             000006
102021974950001161584870000003760                             82060626164      000                        1421301006                              231006000000000750010412424000000000000240655100301006              0000000000000000000000000000000000000000000000007710000000000021000000000000001301006                         0000000000000000000000000                                             000007
102021974950001161584870000003760                             82060628140      000                        1421301006                              311006000000000750006500016000000000000270663101311006              0000000000000000000000000000000000000000000000007500000000000000000000000000001311006                         0000000000000000000000000                                             000008
102021974950001161584870000003760                             82060921140      000                        1421301006                              101006000000000760010409237000000000000125647101311006              0000000000000000000000000000000000000000000000007888000000000028800000000000001311006                         0000000000000000000000000                                             000009
102021974950001161584870000003760                             82070527169      000                        1421301006                              101106000000000860010409237000000000000125647101311006              0000000000000000000000000000000000000000000000008600000000000000000000000000001311006                         0000000000000000000000000                                             000010
102021974950001161584870000003760                             82070630156      000                        1421301006                              251006000000000760010405592000000000000125647101311006              0000000000000000000000000000000000000000000000007790000000000019000000000000001311006                         0000000000000000000000000                                             000011
102021974950001161584870000003760                             82071201151      000                        1421301006                              101106000000000760006500016000000000000270663101311006              0000000000000000000000000000000000000000000000007600000000000000000000000000001311006                         0000000000000000000000000                                             000012
102021974950001161584870000003760                             82071205157      000                        1421301006                              101106000000000760010415806000000000000125647101311006              0000000000000000000000000000000000000000000000007600000000000000000000000000001311006                         0000000000000000000000000                                             000013
102021974950001161584870000003760                             82090315175      000                        1421301006                              151006000000000750010407749000000000000125647101311006              0000000000000000000000000000000000000000000000007741000000000024100000000000001311006                         0000000000000000000000000                                             000014
102021974950001161584870000003760                             82090722153      000                        1421301006                              000000000000000750039928996000000000000270663101311006              0000000000000000000000000000000000000000000000007500000000000000000000000000001311006                         0000000000000000000000000                                             000015
102021974950001161584870000003760                             82090722161      000                        1421301006                              000000000000000750039928996000000000000270663101311006              0000000000000000000000000000000000000000000000007500000000000000000000000000001311006                         0000000000000000000000000                                             000016
102021974950001161584870000003760                             82090722170      000                        1421301006                              000000000000000750039928996000000000000270663101311006              0000000000000000000000000000000000000000000000007500000000000000000000000000001311006                         0000000000000000000000000                                             000017
102021974950001161584870000003760                             82090728178      000                        1421301006                              100406000000000750010408770000000000000240655100301006              0000000000000000000000000000000000000000000000007657000000000015700000000000001301006                         0000000000000000000000000                                             000018
102021974950001161584870000003760                             82110626170      000                        1421301006                              201006000000000750010407765000000000000125647101311006              0000000000000000000000000000000000000000000000007710000000000021000000000000001311006                         0000000000000000000000000                                             000019
9201104                                                                                                                                                                                                                                                                                                                                                                                                   000020
