02RETORNO01COBRANCA       1584870000003760    IPAD                          104C ECON FEDERAL 270706                                                                                                                                                                                                                                                                                                 00254000001
102021974950001161584870000003760                             82030315144      000                        1421270706                              300606000000000860010409156000000000000125647101280706              0000000000000000000000000000000000000000000000008988000000000038800000000000001280706                         0000000000000000000000000                                             000002
102021974950001161584870000003760                             82030324151      000                        1421270706                              300706000000000860010409156000000000000125647101280706              0000000000000000000000000000000000000000000000008600000000000000000000000000001280706                         0000000000000000000000000                                             000003
102021974950001161584870000003760                             82071223120      000                        1421270706                              100806000000000760010400485000000000000125647101280706              0000000000000000000000000000000000000000000000007600000000000000000000000000001280706                         0000000000000000000000000                                             000004
102021974950001161584870000003760                             82110722145      000                        1421270706                              250706000000000750010407765000000000000125647101280706              0000000000000000000000000000000000000000000000007666000000000016600000000000001280706                         0000000000000000000000000                                             000005
102021974950001161584870000003760                             82110824142      000                        1421270706                              250706000000000750010407765000000000000125647101280706              0000000000000000000000000000000000000000000000007666000000000016600000000000001280706                         0000000000000000000000000                                             000006
9201104                                                                                                                                                                                                                                                                                                                                                                                                   000007
