02RETORNO01COBRANCA       1584870000003760    IPAD                          104C ECON FEDERAL 310506                                                                                                                                                                                                                                                                                                 00214000001
102021974950001161584870000003760                             82000038940      000                        1421310506                              000000000000000760010408761000000000000125647101010606              0000000000000000000000000000000000000000000000007600000000000000000000000000001010606                         0000000000000000000000000                                             000002
102021974950001161584870000003760                             82000044070      000                        1421310506                              000000000000000760010409148000000000000125647101010606              0000000000000000000000000000000000000000000000007600000000000000000000000000001010606                         0000000000000000000000000                                             000003
102021974950001161584870000003760                             82000044126      000                        1421310506                              000000000000000760000111126000000000000270663101010606              0000000000000000000000000000000000000000000000007600000000000000000000000000001010606                         0000000000000000000000000                                             000004
102021974950001161584870000003760                             82000044550      000                        1421310506                              000000000000000760006500016000000000000270663101010606              0000000000000000000000000000000000000000000000007600000000000000000000000000001010606                         0000000000000000000000000                                             000005
102021974950001161584870000003760                             82000045360      000                        1421310506                              000000000000000760010423485000000000000240655100310506              0000000000000000000000000000000000000000000000007600000000000000000000000000001310506                         0000000000000000000000000                                             000006
102021974950001161584870000003760                             82000045432      000                        1421310506                              000000000000000760000122296000000000000270663101010606              0000000000000000000000000000000000000000000000007600000000000000000000000000001010606                         0000000000000000000000000                                             000007
102021974950001161584870000003760                             82000045440      000                        1421310506                              000000000000000760010407757000000000000125647101010606              0000000000000000000000000000000000000000000000007600000000000000000000000000001010606                         0000000000000000000000000                                             000008
102021974950001161584870000003760                             82000045459      000                        1421310506                              000000000000000760010407757000000000000125647101010606              0000000000000000000000000000000000000000000000007600000000000000000000000000001010606                         0000000000000000000000000                                             000009
102021974950001161584870000003760                             82000045467      000                        1421310506                              000000000000000760010407757000000000000125647101010606              0000000000000000000000000000000000000000000000007600000000000000000000000000001010606                         0000000000000000000000000                                             000010
102021974950001161584870000003760                             82000045491      000                        1421310506                              000000000000000760010407757000000000000125647101010606              0000000000000000000000000000000000000000000000007600000000000000000000000000001010606                         0000000000000000000000000                                             000011
102021974950001161584870000003760                             82000045505      000                        1421310506                              000000000000000760010407757000000000000125647101010606              0000000000000000000000000000000000000000000000007600000000000000000000000000001010606                         0000000000000000000000000                                             000012
102021974950001161584870000003760                             82000045513      000                        1421310506                              000000000000000760000122296000000000000270663101010606              0000000000000000000000000000000000000000000000007600000000000000000000000000001010606                         0000000000000000000000000                                             000013
102021974950001161584870000003760                             82000045521      000                        1421310506                              000000000000000760010407757000000000000125647101010606              0000000000000000000000000000000000000000000000007600000000000000000000000000001010606                         0000000000000000000000000                                             000014
102021974950001161584870000003760                             82000045530      000                        1421310506                              000000000000000760000122296000000000000270663101010606              0000000000000000000000000000000000000000000000007600000000000000000000000000001010606                         0000000000000000000000000                                             000015
102021974950001161584870000003760                             82000045556      000                        1421310506                              000000000000000760010407757000000000000125647101010606              0000000000000000000000000000000000000000000000007600000000000000000000000000001010606                         0000000000000000000000000                                             000016
102021974950001161584870000003760                             82000045602      000                        1421310506                              000000000000000760000122296000000000000270663101010606              0000000000000000000000000000000000000000000000007600000000000000000000000000001010606                         0000000000000000000000000                                             000017
102021974950001161584870000003760                             82000045610      000                        1421310506                              000000000000000760010407757000000000000125647101010606              0000000000000000000000000000000000000000000000007600000000000000000000000000001010606                         0000000000000000000000000                                             000018
102021974950001161584870000003760                             82000045629      000                        1421310506                              000000000000000760010407757000000000000125647101010606              0000000000000000000000000000000000000000000000007600000000000000000000000000001010606                         0000000000000000000000000                                             000019
102021974950001161584870000003760                             82000045637      000                        1421310506                              000000000000000760010407757000000000000125647101010606              0000000000000000000000000000000000000000000000007600000000000000000000000000001010606                         0000000000000000000000000                                             000020
102021974950001161584870000003760                             82000045645      000                        1421310506                              000000000000000760010407757000000000000125647101010606              0000000000000000000000000000000000000000000000007600000000000000000000000000001010606                         0000000000000000000000000                                             000021
102021974950001161584870000003760                             82000045661      000                        1421310506                              000000000000000760000122296000000000000270663101010606              0000000000000000000000000000000000000000000000007600000000000000000000000000001010606                         0000000000000000000000000                                             000022
102021974950001161584870000003760                             82000045670      000                        1421310506                              000000000000000760000122296000000000000270663101010606              0000000000000000000000000000000000000000000000007600000000000000000000000000001010606                         0000000000000000000000000                                             000023
102021974950001161584870000003760                             82000045696      000                        1421310506                              000000000000000760000122296000000000000270663101010606              0000000000000000000000000000000000000000000000007600000000000000000000000000001010606                         0000000000000000000000000                                             000024
102021974950001161584870000003760                             82000045718      000                        1421310506                              000000000000000760010407757000000000000125647101010606              0000000000000000000000000000000000000000000000007600000000000000000000000000001010606                         0000000000000000000000000                                             000025
102021974950001161584870000003760                             82000045742      000                        1421310506                              000000000000000760010407757000000000000125647101010606              0000000000000000000000000000000000000000000000007600000000000000000000000000001010606                         0000000000000000000000000                                             000026
102021974950001161584870000003760                             82030112170      000                        1421310506                              100506000000000750010424465000000000000125647101010606              0000000000000000000000000000000000000000000000007797000000000029700000000000001010606                         0000000000000000000000000                                             000027
102021974950001161584870000003760                             82030305130      000                        1421310506                              300506000000000860010409156000000000000125647101010606              0000000000000000000000000000000000000000000000008780000000000018000000000000001010606                         0000000000000000000000000                                             000028
102021974950001161584870000003760                             82030327134      000                        1421310506                              300506000000000860010409156000000000000125647101010606              0000000000000000000000000000000000000000000000008780000000000018000000000000001010606                         0000000000000000000000000                                             000029
102021974950001161584870000003760                             82030332138      000                        1421310506                              300506000000000860010409156000000000000125647101010606              0000000000000000000000000000000000000000000000008780000000000018000000000000001010606                         0000000000000000000000000                                             000030
102021974950001161584870000003760                             82030405119      000                        1421310506                              100406000000000760010407757000000000000125647101010606              0000000000000000000000000000000000000000000000008109000000000050900000000000001010606                         0000000000000000000000000                                             000031
102021974950001161584870000003760                             82030405127      000                        1421310506                              100506000000000760010407757000000000000125647101010606              0000000000000000000000000000000000000000000000007899000000000029900000000000001010606                         0000000000000000000000000                                             000032
102021974950001161584870000003760                             82030426124      000                        1421310506                              100506000000000760010407757000000000000125647101010606              0000000000000000000000000000000000000000000000007912000000000031200000000000001010606                         0000000000000000000000000                                             000033
102021974950001161584870000003760                             82060235173      000                        1421310506                              100506000000000860010421911000000000000125647101010606              0000000000000000000000000000000000000000000000008600000000000000000000000000001010606                         0000000000000000000000000                                             000034
102021974950001161584870000003760                             82070310178      000                        1421310506                              150406000000000860010406513000000000000125647101010606              0000000000000000000000000000000000000000000000009140000000000054000000000000001010606                         0000000000000000000000000                                             000035
102021974950001161584870000003760                             82070602110      000                        1421310506                              210506000000000760010405592000000000000125647101010606              0000000000000000000000000000000000000000000000007600000000000000000000000000001010606                         0000000000000000000000000                                             000036
102021974950001161584870000003760                             82070603116      000                        1421310506                              210506000000000760010405592000000000000125647101010606              0000000000000000000000000000000000000000000000007828000000000022800000000000001010606                         0000000000000000000000000                                             000037
102021974950001161584870000003760                             82090422125      000                        1421310506                              100406000000000750010400540000000000000125647101010606              0000000000000000000000000000000000000000000000008058000000000055800000000000001010606                         0000000000000000000000000                                             000038
102021974950001161584870000003760                             82090422133      000                        1421310506                              300406000000000750010400540000000000000125647101010606              0000000000000000000000000000000000000000000000007898000000000039800000000000001010606                         0000000000000000000000000                                             000039
102021974950001161584870000003760                             82090422141      000                        1421310506                              100506000000000750010400540000000000000125647101010606              0000000000000000000000000000000000000000000000007818000000000031800000000000001010606                         0000000000000000000000000                                             000040
102021974950001161584870000003760                             82110823120      000                        1421310506                              250506000000000750010407765000000000000125647101010606              0000000000000000000000000000000000000000000000007698000000000019800000000000001010606                         0000000000000000000000000                                             000041
9201104                                                                                                                                                                                                                                                                                                                                                                                                   000042
