02RETORNO01COBRANCA       1584870000003760    IPAD                          104C ECON FEDERAL 310306                                                                                                                                                                                                                                                                                                 00174000001
102021974950001161584870000003760                             82010221160      000                        1421310306                              100406000000000420023725426000000000000270663101030406              0000000000000000000000000000000000000000000000004200000000000000000000000000001030406                         0000000000000000000000000                                             000002
102021974950001161584870000003760                             82010223163      000                        1421310306                              100406000000000420010414338000000000000240655100310306              0000000000000000000000000000000000000000000000004200000000000000000000000000001310306                         0000000000000000000000000                                             000003
102021974950001161584870000003760                             82010227169      000                        1421310306                              100406000000000420000117546000000000000270663101030406              0000000000000000000000000000000000000000000000004200000000000000000000000000001030406                         0000000000000000000000000                                             000004
102021974950001161584870000003760                             82040223170      000                        1421310306                              100406000000000430006500016000000000000270663101030406              0000000000000000000000000000000000000000000000004300000000000000000000000000001030406                         0000000000000000000000000                                             000005
102021974950001161584870000003760                             82040310161      000                        1421310306                              100306000000000360010400523000000000000125647101030406              0000000000000000000000000000000000000000000000003747000000000014700000000000001030406                         0000000000000000000000000                                             000006
102021974950001161584870000003760                             82040521170      000                        1421310306                              100406000000000860010421709000000000000125620101030406              0000000000000000000000000000000000000000000000008600000000000000000000000000001030406                         0000000000000000000000000                                             000007
102021974950001161584870000003760                             82050115175      000                        1421310306                              100406000000000400006500016000000000000270663101030406              0000000000000000000000000000000000000000000000004000000000000000000000000000001030406                         0000000000000000000000000                                             000008
102021974950001161584870000003760                             82050134170      000                        1421310306                              100406000000000400006500016000000000000270663101030406              0000000000000000000000000000000000000000000000004000000000000000000000000000001030406                         0000000000000000000000000                                             000009
102021974950001161584870000003760                             82050211174      000                        1421310306                              100406000000000400006500016000000000000270663101030406              0000000000000000000000000000000000000000000000004000000000000000000000000000001030406                         0000000000000000000000000                                             000010
102021974950001161584870000003760                             82050216150      000                        1421310306                              100206000000000400010400531000000000000125647101030406              0000000000000000000000000000000000000000000000004164000000000016400000000000001030406                         0000000000000000000000000                                             000011
102021974950001161584870000003760                             82050220173      000                        1421310306                              100406000000000400006500016000000000000270663101030406              0000000000000000000000000000000000000000000000004000000000000000000000000000001030406                         0000000000000000000000000                                             000012
102021974950001161584870000003760                             82050305160      000                        1421310306                              100306000000000860010427782000000000000125647101030406              0000000000000000000000000000000000000000000000008867000000000026700000000000001030406                         0000000000000000000000000                                             000013
102021974950001161584870000003760                             82050308160      000                        1421310306                              100306000000000860010410383000000000000125647101030406              0000000000000000000000000000000000000000000000008940000000000034000000000000001030406                         0000000000000000000000000                                             000014
102021974950001161584870000003760                             82050320160      000                        1421310306                              100306000000000860010427782000000000000125647101030406              0000000000000000000000000000000000000000000000008953000000000035300000000000001030406                         0000000000000000000000000                                             000015
102021974950001161584870000003760                             82060216160      000                        1421310306                              100406000000000860006500016000000000000270663101030406              0000000000000000000000000000000000000000000000008600000000000000000000000000001030406                         0000000000000000000000000                                             000016
102021974950001161584870000003760                             82060230155      000                        1421310306                              100306000000000860010421911000000000000125647101030406              0000000000000000000000000000000000000000000000008952000000000035200000000000001030406                         0000000000000000000000000                                             000017
102021974950001161584870000003760                             82070313169      000                        1421310306                              150306000000000860010409172000000000000125647101030406              0000000000000000000000000000000000000000000000008909000000000030900000000000001030406                         0000000000000000000000000                                             000018
102021974950001161584870000003760                             82070320173      000                        1421310306                              150406000000000860023712306000000000000270663101030406              0000000000000000000000000000000000000000000000008600000000000000000000000000001030406                         0000000000000000000000000                                             000019
102021974950001161584870000003760                             82070331167      000                        1421310306                              150306000000000860010409440000000000000125647101030406              0000000000000000000000000000000000000000000000008916000000000031600000000000001030406                         0000000000000000000000000                                             000020
102021974950001161584870000003760                             82070413163      000                        1421310306                              150306000000000860010400450000000000000125647101030406              0000000000000000000000000000000000000000000000008900000000000030000000000000001030406                         0000000000000000000000000                                             000021
102021974950001161584870000003760                             82090104166      000                        1421310306                              100306000000000750010400540000000000000125647101030406              0000000000000000000000000000000000000000000000007997000000000049700000000000001030406                         0000000000000000000000000                                             000022
102021974950001161584870000003760                             82090524165      000                        1421310306                              100306000000000375010408770000000000000125647101030406              0000000000000000000000000000000000000000000000003908000000000015800000000000001030406                         0000000000000000000000000                                             000023
102021974950001161584870000003760                             82090929173      000                        1421310306                              100406000000000375006500016000000000000270663101030406              0000000000000000000000000000000000000000000000003750000000000000000000000000001030406                         0000000000000000000000000                                             000024
102021974950001161584870000003760                             82091034161      000                        1421310306                              100306000000000375010408770000000000000125647101030406              0000000000000000000000000000000000000000000000003890000000000014000000000000001030406                         0000000000000000000000000                                             000025
102021974950001161584870000003760                             82091221174      000                        1421310306                              100406000000000750010400540000000000000125647101030406              0000000000000000000000000000000000000000000000007500000000000000000000000000001030406                         0000000000000000000000000                                             000026
102021974950001161584870000003760                             82110410151      000                        1421310306                              200306000000000750010408125000000000000125647101030406              0000000000000000000000000000000000000000000000007732000000000023200000000000001030406                         0000000000000000000000000                                             000027
102021974950001161584870000003760                             82110411158      000                        1421310306                              200306000000000750010408125000000000000125647101030406              0000000000000000000000000000000000000000000000007732000000000023200000000000001030406                         0000000000000000000000000                                             000028
102021974950001161584870000003760                             82120112161      000                        1421310306                              100306000000000650010421245000000000000125647101030406              0000000000000000000000000000000000000000000000006500000000000000000000000000001030406                         0000000000000000000000000                                             000029
102021974950001161584870000003760                             82120134165      000                        1421310306                              100306000000000650010421245000000000000125647101030406              0000000000000000000000000000000000000000000000006756000000000025600000000000001030406                         0000000000000000000000000                                             000030
9201104                                                                                                                                                                                                                                                                                                                                                                                                   000031
