02RETORNO01COBRANCA       1584870000003760    IPAD                          104C ECON FEDERAL 300806                                                                                                                                                                                                                                                                                                 00278000001
102021974950001161584870000003760                             82000046765      000                        1421300806                              000000000000000760010421245000000000000125647101310806              0000000000000000000000000000000000000000000000007600000000000000000000000000001310806                         0000000000000000000000000                                             000002
102021974950001161584870000003760                             82000048318      000                        1421300806                              000000000000000760000141966000000000000270663101310806              0000000000000000000000000000000000000000000000007600000000000000000000000000001310806                         0000000000000000000000000                                             000003
102021974950001161584870000003760                             82000048431      000                        1421300806                              000000000000000760000141966000000000000270663101310806              0000000000000000000000000000000000000000000000007600000000000000000000000000001310806                         0000000000000000000000000                                             000004
102021974950001161584870000003760                             82000048520      000                        1421300806                              000000000000000760000141966000000000000270663101310806              0000000000000000000000000000000000000000000000007600000000000000000000000000001310806                         0000000000000000000000000                                             000005
102021974950001161584870000003760                             82000048539      000                        1421300806                              000000000000000760010409148000000000000125620101310806              0000000000000000000000000000000000000000000000007600000000000000000000000000001310806                         0000000000000000000000000                                             000006
102021974950001161584870000003760                             82000048679      000                        1421300806                              000000000000000760010400523000000000000125647101310806              0000000000000000000000000000000000000000000000007600000000000000000000000000001310806                         0000000000000000000000000                                             000007
102021974950001161584870000003760                             82000048687      000                        1421300806                              000000000000000760000141966000000000000270663101310806              0000000000000000000000000000000000000000000000007600000000000000000000000000001310806                         0000000000000000000000000                                             000008
102021974950001161584870000003760                             82000049004      000                        1421300806                              000000000000000760010407765000000000000125647101310806              0000000000000000000000000000000000000000000000007600000000000000000000000000001310806                         0000000000000000000000000                                             000009
102021974950001161584870000003760                             82030115161      000                        1421300806                              100406000000000750010424465000000000000125647101310806              0000000000000000000000000000000000000000000000008644000000000114400000000000001310806                         0000000000000000000000000                                             000010
102021974950001161584870000003760                             82030115170      000                        1421300806                              100506000000000750010424465000000000000125647101310806              0000000000000000000000000000000000000000000000008427000000000092700000000000001310806                         0000000000000000000000000                                             000011
102021974950001161584870000003760                             82030206132      000                        1421300806                              100806000000000760010409156000000000000125647101310806              0000000000000000000000000000000000000000000000007792000000000019200000000000001310806                         0000000000000000000000000                                             000012
102021974950001161584870000003760                             82030301160      000                        1421300806                              300806000000000860006500016000000000000270663101310806              0000000000000000000000000000000000000000000000008600000000000000000000000000001310806                         0000000000000000000000000                                             000013
102021974950001161584870000003760                             82030304169      000                        1421300806                              300806000000000860023732106000000000000270663101310806              0000000000000000000000000000000000000000000000008600000000000000000000000000001310806                         0000000000000000000000000                                             000014
102021974950001161584870000003760                             82030307150      000                        1421300806                              300706000000000860010409156000000000000125647101310806              0000000000000000000000000000000000000000000000009020000000000042000000000000001310806                         0000000000000000000000000                                             000015
102021974950001161584870000003760                             82030320156      000                        1421300806                              300706000000000860010409156000000000000125647101310806              0000000000000000000000000000000000000000000000009020000000000042000000000000001310806                         0000000000000000000000000                                             000016
102021974950001161584870000003760                             82030322175      000                        1421300806                              300906000000000860010409156000000000000125647101310806              0000000000000000000000000000000000000000000000008600000000000000000000000000001310806                         0000000000000000000000000                                             000017
102021974950001161584870000003760                             82030325166      000                        1421300806                              300806000000000860006500016000000000000270663101310806              0000000000000000000000000000000000000000000000008600000000000000000000000000001310806                         0000000000000000000000000                                             000018
102021974950001161584870000003760                             82030326162      000                        1421300806                              300806000000000860006500016000000000000270663101310806              0000000000000000000000000000000000000000000000008600000000000000000000000000001310806                         0000000000000000000000000                                             000019
102021974950001161584870000003760                             82030515127      000                        1421300806                              150806000000000760010400469000000000000125647101310806              0000000000000000000000000000000000000000000000007866000000000026600000000000001310806                         0000000000000000000000000                                             000020
102021974950001161584870000003760                             82030708111      000                        1421300806                              100806000000000760010409148000000000000125647101310806              0000000000000000000000000000000000000000000000007904000000000030400000000000001310806                         0000000000000000000000000                                             000021
102021974950001161584870000003760                             82060921123      000                        1421300806                              100806000000000760010410308000000000000125647101310806              0000000000000000000000000000000000000000000000007905000000000030500000000000001310806                         0000000000000000000000000                                             000022
102021974950001161584870000003760                             82070612140      000                        1421300806                              210806000000000760010405592000000000000125647101310806              0000000000000000000000000000000000000000000000007820000000000022000000000000001310806                         0000000000000000000000000                                             000023
102021974950001161584870000003760                             82071216132      000                        1421300806                              100906000000000760006500016000000000000270663101310806              0000000000000000000000000000000000000000000000007600000000000000000000000000001310806                         0000000000000000000000000                                             000024
102021974950001161584870000003760                             82071220121      000                        1421300806                              100806000000000760010400485000000000000125647101310806              0000000000000000000000000000000000000000000000007910000000000031000000000000001310806                         0000000000000000000000000                                             000025
102021974950001161584870000003760                             82090416176      000                        1421300806                              000000000000000750039928996000000000000270663101310806              0000000000000000000000000000000000000000000000007500000000000000000000000000001310806                         0000000000000000000000000                                             000026
102021974950001161584870000003760                             82090519137      000                        1421300806                              300806000000000375010408770000000000000125647101310806              0000000000000000000000000000000000000000000000003750000000000000000000000000001310806                         0000000000000000000000000                                             000027
102021974950001161584870000003760                             82090519145      000                        1421300806                              300806000000000375010408770000000000000125647101310806              0000000000000000000000000000000000000000000000003750000000000000000000000000001310806                         0000000000000000000000000                                             000028
102021974950001161584870000003760                             82090519153      000                        1421300806                              300806000000000375010408770000000000000125647101310806              0000000000000000000000000000000000000000000000003750000000000000000000000000001310806                         0000000000000000000000000                                             000029
102021974950001161584870000003760                             82090519161      000                        1421300806                              300806000000000375010408770000000000000125647101310806              0000000000000000000000000000000000000000000000003750000000000000000000000000001310806                         0000000000000000000000000                                             000030
102021974950001161584870000003760                             82090519170      000                        1421300806                              300806000000000375010408770000000000000125647101310806              0000000000000000000000000000000000000000000000003750000000000000000000000000001310806                         0000000000000000000000000                                             000031
102021974950001161584870000003760                             82090802173      000                        1421300806                              300806000000000450000104466000000000000270663101310806              0000000000000000000000000000000000000000000000004500000000000000000000000000001310806                         0000000000000000000000000                                             000032
102021974950001161584870000003760                             82090820171      000                        1421300806                              300806000000000340010408770000000000000125647101310806              0000000000000000000000000000000000000000000000003400000000000000000000000000001310806                         0000000000000000000000000                                             000033
102021974950001161584870000003760                             82090821178      000                        1421300806                              300806000000000340006500016000000000000270663101310806              0000000000000000000000000000000000000000000000003400000000000000000000000000001310806                         0000000000000000000000000                                             000034
102021974950001161584870000003760                             82110124167      000                        1421300806                              000000000000000750039928996000000000000270663101310806              0000000000000000000000000000000000000000000000007500000000000000000000000000001310806                         0000000000000000000000000                                             000035
102021974950001161584870000003760                             82110124175      000                        1421300806                              000000000000000750039928996000000000000270663101310806              0000000000000000000000000000000000000000000000007500000000000000000000000000001310806                         0000000000000000000000000                                             000036
102021974950001161584870000003760                             82110225150      000                        1421300806                              100306000000000450010407765000000000000125647101310806              0000000000000000000000000000000000000000000000005282000000000078200000000000001310806                         0000000000000000000000000                                             000037
102021974950001161584870000003760                             82110225168      000                        1421300806                              100406000000000450010407765000000000000125647101310806              0000000000000000000000000000000000000000000000005158000000000065800000000000001310806                         0000000000000000000000000                                             000038
102021974950001161584870000003760                             82110225176      000                        1421300806                              100506000000000450010407765000000000000125647101310806              0000000000000000000000000000000000000000000000005038000000000053800000000000001310806                         0000000000000000000000000                                             000039
102021974950001161584870000003760                             82110408130      000                        1421300806                              250806000000000750010408125000000000000125647101310806              0000000000000000000000000000000000000000000000007685000000000018500000000000001310806                         0000000000000000000000000                                             000040
102021974950001161584870000003760                             82110408149      000                        1421300806                              250806000000000750010408125000000000000125647101310806              0000000000000000000000000000000000000000000000007685000000000018500000000000001310806                         0000000000000000000000000                                             000041
102021974950001161584870000003760                             82110408157      000                        1421300806                              250806000000000750010408125000000000000125647101310806              0000000000000000000000000000000000000000000000007685000000000018500000000000001310806                         0000000000000000000000000                                             000042
102021974950001161584870000003760                             82110412138      000                        1421300806                              250806000000000750010408125000000000000125647101310806              0000000000000000000000000000000000000000000000007685000000000018500000000000001310806                         0000000000000000000000000                                             000043
102021974950001161584870000003760                             82110412146      000                        1421300806                              250806000000000750010408125000000000000125647101310806              0000000000000000000000000000000000000000000000007685000000000018500000000000001310806                         0000000000000000000000000                                             000044
102021974950001161584870000003760                             82110417172      000                        1421300806                              250806000000000750010408125000000000000125647101310806              0000000000000000000000000000000000000000000000007685000000000018500000000000001310806                         0000000000000000000000000                                             000045
102021974950001161584870000003760                             82110624143      000                        1421300806                              250706000000000750010407765000000000000125647101310806              0000000000000000000000000000000000000000000000007860000000000036000000000000001310806                         0000000000000000000000000                                             000046
102021974950001161584870000003760                             82110627142      000                        1421300806                              250706000000000750010407765000000000000125647101310806              0000000000000000000000000000000000000000000000007970000000000047000000000000001310806                         0000000000000000000000000                                             000047
102021974950001161584870000003760                             82110805156      000                        1421300806                              200806000000000750010407765000000000000125647101310806              0000000000000000000000000000000000000000000000007710000000000021000000000000001310806                         0000000000000000000000000                                             000048
102021974950001161584870000003760                             82110817154      000                        1421300806                              200806000000000750010407765000000000000125647101310806              0000000000000000000000000000000000000000000000007710000000000021000000000000001310806                         0000000000000000000000000                                             000049
9201104                                                                                                                                                                                                                                                                                                                                                                                                   000050
