02RETORNO01COBRANCA       1584870000003760    IPAD                          104C ECON FEDERAL 300306                                                                                                                                                                                                                                                                                                 00173000001
102021974950001161584870000003760                             82000003781      000                        1421300306                              150306000000000860010409156000000000000125647101310306              0000000000000000000000000000000000000000000000008892000000000029200000000000001310306                         0000000000000000000000000                                             000002
102021974950001161584870000003760                             82000037774      000                        1421300306                              300306000000000860010430171000000000000125647101310306              0000000000000000000000000000000000000000000000008600000000000000000000000000001310306                         0000000000000000000000000                                             000003
102021974950001161584870000003760                             82000038010      000                        1421300306                              300306000000000750010412424000000000000125647101310306              0000000000000000000000000000000000000000000000007500000000000000000000000000001310306                         0000000000000000000000000                                             000004
102021974950001161584870000003760                             82050109175      000                        1421300306                              100406000000000400006500016000000000000270663101310306              0000000000000000000000000000000000000000000000004000000000000000000000000000001310306                         0000000000000000000000000                                             000005
102021974950001161584870000003760                             82050201179      000                        1421300306                              100406000000000400010400531000000000000125647101310306              0000000000000000000000000000000000000000000000004000000000000000000000000000001310306                         0000000000000000000000000                                             000006
102021974950001161584870000003760                             82060218147      000                        1421300306                              100206000000000860010400450000000000000125647101310306              0000000000000000000000000000000000000000000000009185000000000058500000000000001310306                         0000000000000000000000000                                             000007
102021974950001161584870000003760                             82060237150      000                        1421300306                              100306000000000860010421911000000000000125647101310306              0000000000000000000000000000000000000000000000008600000000000000000000000000001310306                         0000000000000000000000000                                             000008
102021974950001161584870000003760                             82060312151      000                        1421300306                              150306000000000860010408761000000000000125647101310306              0000000000000000000000000000000000000000000000008901000000000030100000000000001310306                         0000000000000000000000000                                             000009
102021974950001161584870000003760                             82070104179      000                        1421300306                              100406000000000860075641796000000000000270663101310306              0000000000000000000000000000000000000000000000008600000000000000000000000000001310306                         0000000000000000000000000                                             000010
102021974950001161584870000003760                             82070125176      000                        1421300306                              110406000000000860006500016000000000000270663101310306              0000000000000000000000000000000000000000000000008600000000000000000000000000001310306                         0000000000000000000000000                                             000011
102021974950001161584870000003760                             82070302175      000                        1421300306                              000000000000000860040975226000000000000270663101310306              0000000000000000000000000000000000000000000000008600000000000000000000000000001310306                         0000000000000000000000000                                             000012
102021974950001161584870000003760                             82070322176      000                        1421300306                              150406000000000860006500016000000000000270663101310306              0000000000000000000000000000000000000000000000008600000000000000000000000000001310306                         0000000000000000000000000                                             000013
102021974950001161584870000003760                             82070411160      000                        1421300306                              150306000000000860010400469000000000000125647101310306              0000000000000000000000000000000000000000000000008892000000000029200000000000001310306                         0000000000000000000000000                                             000014
102021974950001161584870000003760                             82090307164      000                        1421300306                              100306000000000750010407749000000000000125647101310306              0000000000000000000000000000000000000000000000007790000000000029000000000000001310306                         0000000000000000000000000                                             000015
102021974950001161584870000003760                             82090834156      000                        1421300306                              100406000000000450010408770000000000000125647101310306              0000000000000000000000000000000000000000000000004500000000000000000000000000001310306                         0000000000000000000000000                                             000016
102021974950001161584870000003760                             82090927170      000                        1421300306                              100406000000000375010408770000000000000125647101310306              0000000000000000000000000000000000000000000000003750000000000000000000000000001310306                         0000000000000000000000000                                             000017
102021974950001161584870000003760                             82120122167      000                        1421300306                              100306000000000650010421245000000000000125647101310306              0000000000000000000000000000000000000000000000006750000000000025000000000000001310306                         0000000000000000000000000                                             000018
9201104                                                                                                                                                                                                                                                                                                                                                                                                   000019
