02RETORNO01COBRANCA       1584870000003760    IPAD                          104C ECON FEDERAL 280207                                                                                                                                                                                                                                                                                                 00398000001
102021974950001161584870000003760                             82030722165      000                        1421280207                              100107000000000760010409148000000000000125647101010307              0000000000000000000000000000000000000000000000008116000000000051600000000000001010307                         0000000000000000000000000                                             000002
102021974950001161584870000003760                             82030909168      000                        1421280207                              101206000000000760010407757000000000000125647101010307              0000000000000000000000000000000000000000000000008268000000000066800000000000001010307                         0000000000000000000000000                                             000003
102021974950001161584870000003760                             82030909176      000                        1421280207                              100107000000000760010407757000000000000125647101010307              0000000000000000000000000000000000000000000000008192000000000059200000000000001010307                         0000000000000000000000000                                             000004
102021974950001161584870000003760                             82031006137      000                        1421280207                              280207000000000760010409148000000000000125647101010307              0000000000000000000000000000000000000000000000007600000000000000000000000000001010307                         0000000000000000000000000                                             000005
102021974950001161584870000003760                             82031024127      000                        1421280207                              300107000000000760010400523000000000000125647101010307              0000000000000000000000000000000000000000000000007600000000000000000000000000001010307                         0000000000000000000000000                                             000006
102021974950001161584870000003760                             82031032138      000                        1421280207                              280207000000000760000141966000000000000270663101010307              0000000000000000000000000000000000000000000000007600000000000000000000000000001010307                         0000000000000000000000000                                             000007
102021974950001161584870000003760                             82031035129      000                        1421280207                              300107000000000760010400523000000000000125647101010307              0000000000000000000000000000000000000000000000007782000000000018200000000000001010307                         0000000000000000000000000                                             000008
102021974950001161584870000003760                             82061003110      000                        1421280207                              280207000000000380010400540000000000000125647101010307              0000000000000000000000000000000000000000000000003800000000000000000000000000001010307                         0000000000000000000000000                                             000009
102021974950001161584870000003760                             82061009118      000                        1421280207                              280207000000000380010400540000000000000125647101010307              0000000000000000000000000000000000000000000000003800000000000000000000000000001010307                         0000000000000000000000000                                             000010
102021974950001161584870000003760                             82061013115      000                        1421280207                              280207000000000380006500016000000000000270663101010307              0000000000000000000000000000000000000000000000003800000000000000000000000000001010307                         0000000000000000000000000                                             000011
102021974950001161584870000003760                             82061023110      000                        1421280207                              151206000000000760010400540000000000000125647101010307              0000000000000000000000000000000000000000000000008087000000000048700000000000001010307                         0000000000000000000000000                                             000012
102021974950001161584870000003760                             82061023129      000                        1421280207                              150107000000000760010400540000000000000125647101010307              0000000000000000000000000000000000000000000000007851000000000025100000000000001010307                         0000000000000000000000000                                             000013
102021974950001161584870000003760                             82061025113      000                        1421280207                              280207000000000380006500016000000000000270663101010307              0000000000000000000000000000000000000000000000003800000000000000000000000000001010307                         0000000000000000000000000                                             000014
102021974950001161584870000003760                             82070603167      000                        1421280207                              201106000000000760010405592000000000000125647101010307              0000000000000000000000000000000000000000000000008512000000000091200000000000001010307                         0000000000000000000000000                                             000015
102021974950001161584870000003760                             82070603175      000                        1421280207                              201206000000000760010405592000000000000125647101010307              0000000000000000000000000000000000000000000000008284000000000068400000000000001010307                         0000000000000000000000000                                             000016
9201104                                                                                                                                                                                                                                                                                                                                                                                                   000017
