02RETORNO01COBRANCA       1584870000003760    IPAD                          104C ECON FEDERAL 310706                                                                                                                                                                                                                                                                                                 00256000001
102021974950001161584870000003760                             82010309114      000                        1421310706                              100606000000000660010409148000000000000125647101010806              0000000000000000000000000000000000000000000000006766000000000016600000000000001010806                         0000000000000000000000000                                             000002
102021974950001161584870000003760                             82010309122      000                        1421310706                              100706000000000660010409148000000000000125647101010806              0000000000000000000000000000000000000000000000006746000000000014600000000000001010806                         0000000000000000000000000                                             000003
102021974950001161584870000003760                             82030426132      000                        1421310706                              100606000000000760010407757000000000000125647101010806              0000000000000000000000000000000000000000000000008140000000000054000000000000001010806                         0000000000000000000000000                                             000004
102021974950001161584870000003760                             82030430148      000                        1421310706                              100706000000000760010407757000000000000125647101010806              0000000000000000000000000000000000000000000000007885000000000028500000000000001010806                         0000000000000000000000000                                             000005
102021974950001161584870000003760                             82030517120      000                        1421310706                              150806000000000760010409148000000000000125620101010806              0000000000000000000000000000000000000000000000007600000000000000000000000000001010806                         0000000000000000000000000                                             000006
102021974950001161584870000003760                             82040509138      000                        1421310706                              310706000000000860010400523000000000000125647101010806              0000000000000000000000000000000000000000000000008600000000000000000000000000001010806                         0000000000000000000000000                                             000007
102021974950001161584870000003760                             82040509146      000                        1421310706                              310706000000000860010400523000000000000125647101010806              0000000000000000000000000000000000000000000000008600000000000000000000000000001010806                         0000000000000000000000000                                             000008
102021974950001161584870000003760                             82060707148      000                        1421310706                              150706000000000860010400477000000000000125647101010806              0000000000000000000000000000000000000000000000008915000000000031500000000000001010806                         0000000000000000000000000                                             000009
102021974950001161584870000003760                             82060906124      000                        1421310706                              100806000000000760010400469000000000000125647101010806              0000000000000000000000000000000000000000000000007600000000000000000000000000001010806                         0000000000000000000000000                                             000010
102021974950001161584870000003760                             82060911128      000                        1421310706                              000000000000000760039928996000000000000270663101010806              0000000000000000000000000000000000000000000000007600000000000000000000000000001010806                         0000000000000000000000000                                             000011
102021974950001161584870000003760                             82060912116      000                        1421310706                              100706000000000760010412947000000000000125647101010806              0000000000000000000000000000000000000000000000007757000000000015700000000000001010806                         0000000000000000000000000                                             000012
102021974950001161584870000003760                             82091013164      000                        1421310706                              300706000000000375010408770000000000000125647101010806              0000000000000000000000000000000000000000000000003750000000000000000000000000001010806                         0000000000000000000000000                                             000013
102021974950001161584870000003760                             82091013172      000                        1421310706                              300706000000000375010408770000000000000125647101010806              0000000000000000000000000000000000000000000000003750000000000000000000000000001010806                         0000000000000000000000000                                             000014
102021974950001161584870000003760                             82110322171      000                        1421310706                              310706000000000860010407765000000000000125647101010806              0000000000000000000000000000000000000000000000008600000000000000000000000000001010806                         0000000000000000000000000                                             000015
102021974950001161584870000003760                             82110704147      000                        1421310706                              250706000000000750010407765000000000000125647101010806              0000000000000000000000000000000000000000000000007698000000000019800000000000001010806                         0000000000000000000000000                                             000016
9201104                                                                                                                                                                                                                                                                                                                                                                                                   000017
