02RETORNO01COBRANCA       1584870000003760    IPAD                          104C ECON FEDERAL 290806                                                                                                                                                                                                                                                                                                 00277000001
102021974950001161584870000003760                             82000043553      000                        1421290806                              000000000000000760010409148000000000000125647101300806              0000000000000000000000000000000000000000000000007600000000000000000000000000001300806                         0000000000000000000000000                                             000002
102021974950001161584870000003760                             82000048547      000                        1421290806                              000000000000000760006500016000000000000270663101300806              0000000000000000000000000000000000000000000000007600000000000000000000000000001300806                         0000000000000000000000000                                             000003
102021974950001161584870000003760                             82000048571      000                        1421290806                              000000000000000760000127026000000000000270663101300806              0000000000000000000000000000000000000000000000007600000000000000000000000000001300806                         0000000000000000000000000                                             000004
102021974950001161584870000003760                             82000048652      000                        1421290806                              000000000000000760000142256000000000000270663101300806              0000000000000000000000000000000000000000000000007600000000000000000000000000001300806                         0000000000000000000000000                                             000005
102021974950001161584870000003760                             82030311165      000                        1421290806                              300806000000000860006500016000000000000270663101300806              0000000000000000000000000000000000000000000000008600000000000000000000000000001300806                         0000000000000000000000000                                             000006
102021974950001161584870000003760                             82030334122      000                        1421290806                              100606000000000860010409156000000000000125647101300806              0000000000000000000000000000000000000000000000009473000000000087300000000000001300806                         0000000000000000000000000                                             000007
102021974950001161584870000003760                             82030334130      000                        1421290806                              100706000000000860010409156000000000000125647101300806              0000000000000000000000000000000000000000000000009298000000000069800000000000001300806                         0000000000000000000000000                                             000008
102021974950001161584870000003760                             82030334149      000                        1421290806                              100806000000000860010409156000000000000125647101300806              0000000000000000000000000000000000000000000000008938000000000033800000000000001300806                         0000000000000000000000000                                             000009
102021974950001161584870000003760                             82060625141      000                        1421290806                              170806000000000750010412424000000000000240655100290806              0000000000000000000000000000000000000000000000007734000000000023400000000000001290806                         0000000000000000000000000                                             000010
102021974950001161584870000003760                             82070408143      000                        1421290806                              300806000000000860075641796000000000000270663101300806              0000000000000000000000000000000000000000000000008600000000000000000000000000001300806                         0000000000000000000000000                                             000011
102021974950001161584870000003760                             82070408160      000                        1421290806                              300806000000000860075641796000000000000270663101300806              0000000000000000000000000000000000000000000000008600000000000000000000000000001300806                         0000000000000000000000000                                             000012
102021974950001161584870000003760                             82071222132      000                        1421290806                              100906000000000760007347476000000000000270663101300806              0000000000000000000000000000000000000000000000007600000000000000000000000000001300806                         0000000000000000000000000                                             000013
102021974950001161584870000003760                             82090605173      000                        1421290806                              300806000000000375006500016000000000000270663101300806              0000000000000000000000000000000000000000000000003750000000000000000000000000001300806                         0000000000000000000000000                                             000014
102021974950001161584870000003760                             82090820155      000                        1421290806                              300806000000000450000104466000000000000270663101300806              0000000000000000000000000000000000000000000000004500000000000000000000000000001300806                         0000000000000000000000000                                             000015
102021974950001161584870000003760                             82090820163      000                        1421290806                              300806000000000450000104466000000000000270663101300806              0000000000000000000000000000000000000000000000004500000000000000000000000000001300806                         0000000000000000000000000                                             000016
102021974950001161584870000003760                             82090821143      000                        1421290806                              300806000000000450010408770000000000000125647101300806              0000000000000000000000000000000000000000000000004500000000000000000000000000001300806                         0000000000000000000000000                                             000017
102021974950001161584870000003760                             82090821151      000                        1421290806                              300806000000000450010408770000000000000125647101300806              0000000000000000000000000000000000000000000000004500000000000000000000000000001300806                         0000000000000000000000000                                             000018
102021974950001161584870000003760                             82090821160      000                        1421290806                              300806000000000450010408770000000000000125647101300806              0000000000000000000000000000000000000000000000004500000000000000000000000000001300806                         0000000000000000000000000                                             000019
102021974950001161584870000003760                             82090926166      000                        1421290806                              300806000000000750010408770000000000000125647101300806              0000000000000000000000000000000000000000000000007500000000000000000000000000001300806                         0000000000000000000000000                                             000020
102021974950001161584870000003760                             82090926174      000                        1421290806                              300806000000000750010408770000000000000125647101300806              0000000000000000000000000000000000000000000000007500000000000000000000000000001300806                         0000000000000000000000000                                             000021
9201104                                                                                                                                                                                                                                                                                                                                                                                                   000022
