02RETORNO01COBRANCA       1584870000003760    IPAD                          104C ECON FEDERAL 311006                                                                                                                                                                                                                                                                                                 00320000001
102021974950001161584870000003760                             82030414177      000                        1421311006                              101006000000000760010407757000000000000125647101011106              0000000000000000000000000000000000000000000000007899000000000029900000000000001011106                         0000000000000000000000000                                             000002
102021974950001161584870000003760                             82030506144      000                        1421311006                              151006000000000760010409156000000000000125647101011106              0000000000000000000000000000000000000000000000007880000000000028000000000000001011106                         0000000000000000000000000                                             000003
102021974950001161584870000003760                             82030541144      000                        1421311006                              151006000000000760010409148000000000000125647101011106              0000000000000000000000000000000000000000000000007873000000000027300000000000001011106                         0000000000000000000000000                                             000004
102021974950001161584870000003760                             82030547150      000                        1421311006                              151106000000000760010409148000000000000125620101011106              0000000000000000000000000000000000000000000000007600000000000000000000000000001011106                         0000000000000000000000000                                             000005
102021974950001161584870000003760                             82030732136      000                        1421311006                              101006000000000760010409148000000000000125647101011106              0000000000000000000000000000000000000000000000007912000000000031200000000000001011106                         0000000000000000000000000                                             000006
102021974950001161584870000003760                             82030811133      000                        1421311006                              151006000000000760010409156000000000000125647101011106              0000000000000000000000000000000000000000000000007874000000000027400000000000001011106                         0000000000000000000000000                                             000007
102021974950001161584870000003760                             82030813136      000                        1421311006                              151006000000000760010409156000000000000125647101011106              0000000000000000000000000000000000000000000000007874000000000027400000000000001011106                         0000000000000000000000000                                             000008
102021974950001161584870000003760                             82060625168      000                        1421311006                              231006000000000750010412424000000000000125647101011106              0000000000000000000000000000000000000000000000007710000000000021000000000000001011106                         0000000000000000000000000                                             000009
102021974950001161584870000003760                             82060633136      000                        1421311006                              311006000000000750010408672000000000000240655100311006              0000000000000000000000000000000000000000000000007500000000000000000000000000001311006                         0000000000000000000000000                                             000010
102021974950001161584870000003760                             82060633152      000                        1421311006                              231006000000000750010408672000000000000240655100311006              0000000000000000000000000000000000000000000000007710000000000021000000000000001311006                         0000000000000000000000000                                             000011
102021974950001161584870000003760                             82060704173      000                        1421311006                              151006000000000860010406483000000000000240655100311006              0000000000000000000000000000000000000000000000008919000000000031900000000000001311006                         0000000000000000000000000                                             000012
102021974950001161584870000003760                             82070720139      000                        1421311006                              200906000000000760010405592000000000000125647101011106              0000000000000000000000000000000000000000000000008063000000000046300000000000001011106                         0000000000000000000000000                                             000013
102021974950001161584870000003760                             82070720147      000                        1421311006                              201006000000000760010405592000000000000125647101011106              0000000000000000000000000000000000000000000000007835000000000023500000000000001011106                         0000000000000000000000000                                             000014
102021974950001161584870000003760                             82071210142      000                        1421311006                              101006000000000760010400450000000000000125647101011106              0000000000000000000000000000000000000000000000007912000000000031200000000000001011106                         0000000000000000000000000                                             000015
102021974950001161584870000003760                             82071225140      000                        1421311006                              101006000000000760010400450000000000000125647101011106              0000000000000000000000000000000000000000000000007920000000000032000000000000001011106                         0000000000000000000000000                                             000016
102021974950001161584870000003760                             82110216169      000                        1421311006                              101006000000000450010407765000000000000240655100311006              0000000000000000000000000000000000000000000000004611000000000011100000000000001311006                         0000000000000000000000000                                             000017
102021974950001161584870000003760                             82110827176      000                        1421311006                              201006000000000750010407765000000000000125647101011106              0000000000000000000000000000000000000000000000007716000000000021600000000000001011106                         0000000000000000000000000                                             000018
9201104                                                                                                                                                                                                                                                                                                                                                                                                   000019
