02RETORNO01COBRANCA       1584870000003760    IPAD                          104C ECON FEDERAL 010806                                                                                                                                                                                                                                                                                                 00257000001
102021974950001161584870000003760                             82000046668      000                        1421010806                              000000000000000760010409148000000000000125647101020806              0000000000000000000000000000000000000000000000007600000000000000000000000000001020806                         0000000000000000000000000                                             000002
102021974950001161584870000003760                             82030217134      000                        1421010806                              100806000000000760006500016000000000000270663101020806              0000000000000000000000000000000000000000000000007600000000000000000000000000001020806                         0000000000000000000000000                                             000003
102021974950001161584870000003760                             82030301151      000                        1421010806                              300706000000000860010409156000000000000125647101020806              0000000000000000000000000000000000000000000000008796000000000019600000000000001020806                         0000000000000000000000000                                             000004
102021974950001161584870000003760                             82030307141      000                        1421010806                              300606000000000860010409156000000000000125647101020806              0000000000000000000000000000000000000000000000009026000000000042600000000000001020806                         0000000000000000000000000                                             000005
102021974950001161584870000003760                             82030325158      000                        1421010806                              300706000000000860010409156000000000000125647101020806              0000000000000000000000000000000000000000000000008828000000000022800000000000001020806                         0000000000000000000000000                                             000006
102021974950001161584870000003760                             82030335129      000                        1421010806                              100606000000000860010409156000000000000125647101020806              0000000000000000000000000000000000000000000000009188000000000058800000000000001020806                         0000000000000000000000000                                             000007
102021974950001161584870000003760                             82030423141      000                        1421010806                              100706000000000760010407757000000000000125647101020806              0000000000000000000000000000000000000000000000007906000000000030600000000000001020806                         0000000000000000000000000                                             000008
102021974950001161584870000003760                             82030905120      000                        1421010806                              000000000000000760039928996000000000000270663101020806              0000000000000000000000000000000000000000000000007600000000000000000000000000001020806                         0000000000000000000000000                                             000009
102021974950001161584870000003760                             82060203174      000                        1421010806                              100506000000000860010421911000000000000240655100010806              0000000000000000000000000000000000000000000000009480000000000088000000000000001010806                         0000000000000000000000000                                             000010
102021974950001161584870000003760                             82060210170      000                        1421010806                              100506000000000860010421911000000000000240655100010806              0000000000000000000000000000000000000000000000009500000000000090000000000000001010806                         0000000000000000000000000                                             000011
102021974950001161584870000003760                             82060406121      000                        1421010806                              100806000000000760010410286000000000000125647101020806              0000000000000000000000000000000000000000000000007600000000000000000000000000001020806                         0000000000000000000000000                                             000012
102021974950001161584870000003760                             82070711121      000                        1421010806                              200806000000000760006500016000000000000270663101020806              0000000000000000000000000000000000000000000000007600000000000000000000000000001020806                         0000000000000000000000000                                             000013
102021974950001161584870000003760                             82070727125      000                        1421010806                              200806000000000760006500016000000000000270663101020806              0000000000000000000000000000000000000000000000007600000000000000000000000000001020806                         0000000000000000000000000                                             000014
102021974950001161584870000003760                             82071231123      000                        1421010806                              100806000000000760006500016000000000000270663101020806              0000000000000000000000000000000000000000000000007600000000000000000000000000001020806                         0000000000000000000000000                                             000015
102021974950001161584870000003760                             82090936153      000                        1421010806                              100206000000000375010408770000000000000125647101020806              0000000000000000000000000000000000000000000000004338000000000058800000000000001020806                         0000000000000000000000000                                             000016
102021974950001161584870000003760                             82090936161      000                        1421010806                              100306000000000375010408770000000000000125647101020806              0000000000000000000000000000000000000000000000004254000000000050400000000000001020806                         0000000000000000000000000                                             000017
102021974950001161584870000003760                             82090936170      000                        1421010806                              100406000000000375010408770000000000000125647101020806              0000000000000000000000000000000000000000000000004161000000000041100000000000001020806                         0000000000000000000000000                                             000018
102021974950001161584870000003760                             82110805148      000                        1421010806                              250706000000000750010407765000000000000125647101020806              0000000000000000000000000000000000000000000000007706000000000020600000000000001020806                         0000000000000000000000000                                             000019
9201104                                                                                                                                                                                                                                                                                                                                                                                                   000020
