02RETORNO01COBRANCA       1584870000003760    IPAD                          104C ECON FEDERAL 300307                                                                                                                                                                                                                                                                                                 00420000001
102021974950001161584870000003760                             82000051556      000                        1421300307                              000000000000000800010400531000000000000125647101020407              0000000000000000000000000000000000000000000000008000000000000000000000000000001020407                         0000000000000000000000000                                             000002
102021974950001161584870000003760                             82000051564      000                        1421300307                              000000000000000800010400531000000000000125647101020407              0000000000000000000000000000000000000000000000008000000000000000000000000000001020407                         0000000000000000000000000                                             000003
102021974950001161584870000003760                             82000053834      000                        1421300307                              300306000000000800010407765000000000000125647101020407              0000000000000000000000000000000000000000000000008000000000000000000000000000001020407                         0000000000000000000000000                                             000004
102021974950001161584870000003760                             82000053850      000                        1421300307                              300307000000000800039928996000000000000270663101020407              0000000000000000000000000000000000000000000000008000000000000000000000000000001020407                         0000000000000000000000000                                             000005
102021974950001161584870000003760                             82000053869      000                        1421300307                              300307000000000800010407765000000000000125647101020407              0000000000000000000000000000000000000000000000008000000000000000000000000000001020407                         0000000000000000000000000                                             000006
102021974950001161584870000003760                             82000053877      000                        1421300307                              300307000000000800006500016000000000000270663101020407              0000000000000000000000000000000000000000000000008000000000000000000000000000001020407                         0000000000000000000000000                                             000007
102021974950001161584870000003760                             82000053885      000                        1421300307                              300307000000000800006500016000000000000270663101020407              0000000000000000000000000000000000000000000000008000000000000000000000000000001020407                         0000000000000000000000000                                             000008
102021974950001161584870000003760                             82000053893      000                        1421300307                              300307000000000800006500016000000000000270663101020407              0000000000000000000000000000000000000000000000008000000000000000000000000000001020407                         0000000000000000000000000                                             000009
102021974950001161584870000003760                             82000053907      000                        1421300307                              300307000000000800010407765000000000000125647101020407              0000000000000000000000000000000000000000000000008000000000000000000000000000001020407                         0000000000000000000000000                                             000010
102021974950001161584870000003760                             82000053923      000                        1421300307                              300307000000000800006500016000000000000270663101020407              0000000000000000000000000000000000000000000000008000000000000000000000000000001020407                         0000000000000000000000000                                             000011
102021974950001161584870000003760                             82000053940      000                        1421300307                              300307000000000800010407765000000000000125647101020407              0000000000000000000000000000000000000000000000008000000000000000000000000000001020407                         0000000000000000000000000                                             000012
102021974950001161584870000003760                             82000053966      000                        1421300307                              300307000000000800010407765000000000000125647101020407              0000000000000000000000000000000000000000000000008000000000000000000000000000001020407                         0000000000000000000000000                                             000013
102021974950001161584870000003760                             82000053974      000                        1421300307                              300307000000000800010407765000000000000125647101020407              0000000000000000000000000000000000000000000000008000000000000000000000000000001020407                         0000000000000000000000000                                             000014
102021974950001161584870000003760                             82000053982      000                        1421300307                              300307000000000800010407765000000000000125647101020407              0000000000000000000000000000000000000000000000008000000000000000000000000000001020407                         0000000000000000000000000                                             000015
102021974950001161584870000003760                             82000054008      000                        1421300307                              300307000000000800010407765000000000000125647101020407              0000000000000000000000000000000000000000000000008000000000000000000000000000001020407                         0000000000000000000000000                                             000016
102021974950001161584870000003760                             82000054210      000                        1421300307                              300307000000000800010407765000000000000125647101020407              0000000000000000000000000000000000000000000000008000000000000000000000000000001020407                         0000000000000000000000000                                             000017
102021974950001161584870000003760                             82000054237      000                        1421300307                              300307000000000800006500016000000000000270663101020407              0000000000000000000000000000000000000000000000008000000000000000000000000000001020407                         0000000000000000000000000                                             000018
102021974950001161584870000003760                             82000054270      000                        1421300307                              300307000000000800000143576000000000000270663101020407              0000000000000000000000000000000000000000000000008000000000000000000000000000001020407                         0000000000000000000000000                                             000019
102021974950001161584870000003760                             82000054342      000                        1421300307                              300307000000000800010407765000000000000125647101020407              0000000000000000000000000000000000000000000000008000000000000000000000000000001020407                         0000000000000000000000000                                             000020
102021974950001161584870000003760                             82000054350      000                        1421300307                              300307000000000800010407765000000000000125647101020407              0000000000000000000000000000000000000000000000008000000000000000000000000000001020407                         0000000000000000000000000                                             000021
102021974950001161584870000003760                             82000054822      000                        1421300307                              300307000000000800010407765000000000000125647101020407              0000000000000000000000000000000000000000000000008000000000000000000000000000001020407                         0000000000000000000000000                                             000022
102021974950001161584870000003760                             82000054830      000                        1421300307                              300307000000000800010407765000000000000125647101020407              0000000000000000000000000000000000000000000000008000000000000000000000000000001020407                         0000000000000000000000000                                             000023
102021974950001161584870000003760                             82000055241      000                        1421300307                              300307000000000800039928996000000000000270663101020407              0000000000000000000000000000000000000000000000008000000000000000000000000000001020407                         0000000000000000000000000                                             000024
102021974950001161584870000003760                             82030527150      000                        1421300307                              151106000000000760010409156000000000000125647101020407              0000000000000000000000000000000000000000000000008778000000000117800000000000001020407                         0000000000000000000000000                                             000025
102021974950001161584870000003760                             82030527168      000                        1421300307                              151206000000000760010409156000000000000125647101020407              0000000000000000000000000000000000000000000000008550000000000095000000000000001020407                         0000000000000000000000000                                             000026
102021974950001161584870000003760                             82030714170      000                        1421300307                              100207000000000760010409148000000000000125647101020407              0000000000000000000000000000000000000000000000007790000000000019000000000000001020407                         0000000000000000000000000                                             000027
102021974950001161584870000003760                             82031112158      000                        1421300307                              100307000000000760010424465000000000000125647101020407              0000000000000000000000000000000000000000000000007892000000000029200000000000001020407                         0000000000000000000000000                                             000028
102021974950001161584870000003760                             82031126167      000                        1421300307                              100407000000000760010424465000000000000240655100300307              0000000000000000000000000000000000000000000000007600000000000000000000000000001300307                         0000000000000000000000000                                             000029
102021974950001161584870000003760                             82061003128      000                        1421300307                              300307000000000380010400540000000000000125647101020407              0000000000000000000000000000000000000000000000003800000000000000000000000000001020407                         0000000000000000000000000                                             000030
102021974950001161584870000003760                             82061018133      000                        1421300307                              300307000000000380010400540000000000000125647101020407              0000000000000000000000000000000000000000000000003800000000000000000000000000001020407                         0000000000000000000000000                                             000031
9201104                                                                                                                                                                                                                                                                                                                                                                                                   000032
