02RETORNO01COBRANCA       1584870000003760    IPAD                          104C ECON FEDERAL 010606                                                                                                                                                                                                                                                                                                 00215000001
102021974950001161584870000003760                             82000039254      000                        1421010606                              000000000000000760010410308000000000000125647101020606              0000000000000000000000000000000000000000000000007600000000000000000000000000001020606                         0000000000000000000000000                                             000002
102021974950001161584870000003760                             82000042590      000                        1421010606                              000000000000000760023732016000000000000270663101020606              0000000000000000000000000000000000000000000000007600000000000000000000000000001020606                         0000000000000000000000000                                             000003
102021974950001161584870000003760                             82000044495      000                        1421010606                              000000000000000760010400485000000000000125647101020606              0000000000000000000000000000000000000000000000007600000000000000000000000000001020606                         0000000000000000000000000                                             000004
102021974950001161584870000003760                             82000045114      000                        1421010606                              000000000000000760000111626000000000000270663101020606              0000000000000000000000000000000000000000000000007600000000000000000000000000001020606                         0000000000000000000000000                                             000005
102021974950001161584870000003760                             82000045130      000                        1421010606                              000000000000000760075641796000000000000270663101020606              0000000000000000000000000000000000000000000000007600000000000000000000000000001020606                         0000000000000000000000000                                             000006
102021974950001161584870000003760                             82000045688      000                        1421010606                              000000000000000760010407757000000000000125647101020606              0000000000000000000000000000000000000000000000007600000000000000000000000000001020606                         0000000000000000000000000                                             000007
102021974950001161584870000003760                             82000045700      000                        1421010606                              000000000000000760010407757000000000000125647101020606              0000000000000000000000000000000000000000000000007600000000000000000000000000001020606                         0000000000000000000000000                                             000008
102021974950001161584870000003760                             82000045726      000                        1421010606                              000000000000000760010407757000000000000125647101020606              0000000000000000000000000000000000000000000000007600000000000000000000000000001020606                         0000000000000000000000000                                             000009
102021974950001161584870000003760                             82000045734      000                        1421010606                              000000000000000760010407757000000000000125647101020606              0000000000000000000000000000000000000000000000007600000000000000000000000000001020606                         0000000000000000000000000                                             000010
102021974950001161584870000003760                             82010315114      000                        1421010606                              100606000000000660010409148000000000000125647101020606              0000000000000000000000000000000000000000000000006600000000000000000000000000001020606                         0000000000000000000000000                                             000011
102021974950001161584870000003760                             82030407120      000                        1421010606                              100506000000000760010407757000000000000125647101020606              0000000000000000000000000000000000000000000000007906000000000030600000000000001020606                         0000000000000000000000000                                             000012
102021974950001161584870000003760                             82040607156      000                        1421010606                              100206000000000860010421709000000000000125647101020606              0000000000000000000000000000000000000000000000009730000000000113000000000000001020606                         0000000000000000000000000                                             000013
102021974950001161584870000003760                             82040607164      000                        1421010606                              100306000000000860010421709000000000000125647101020606              0000000000000000000000000000000000000000000000009490000000000089000000000000001020606                         0000000000000000000000000                                             000014
102021974950001161584870000003760                             82040607172      000                        1421010606                              100406000000000860010421709000000000000125647101020606              0000000000000000000000000000000000000000000000009230000000000063000000000000001020606                         0000000000000000000000000                                             000015
102021974950001161584870000003760                             82070316176      000                        1421010606                              150406000000000860010409172000000000000125647101020606              0000000000000000000000000000000000000000000000009176000000000057600000000000001020606                         0000000000000000000000000                                             000016
102021974950001161584870000003760                             82090313172      000                        1421010606                              100606000000000750010400540000000000000125647101020606              0000000000000000000000000000000000000000000000007500000000000000000000000000001020606                         0000000000000000000000000                                             000017
102021974950001161584870000003760                             82090403147      000                        1421010606                              100406000000000750010400540000000000000125647101020606              0000000000000000000000000000000000000000000000008040000000000054000000000000001020606                         0000000000000000000000000                                             000018
102021974950001161584870000003760                             82090403155      000                        1421010606                              300406000000000750010400540000000000000125647101020606              0000000000000000000000000000000000000000000000007890000000000039000000000000001020606                         0000000000000000000000000                                             000019
102021974950001161584870000003760                             82090403163      000                        1421010606                              100506000000000750010400540000000000000125647101020606              0000000000000000000000000000000000000000000000007815000000000031500000000000001020606                         0000000000000000000000000                                             000020
102021974950001161584870000003760                             82090403171      000                        1421010606                              300506000000000750010400540000000000000125647101020606              0000000000000000000000000000000000000000000000007665000000000016500000000000001020606                         0000000000000000000000000                                             000021
102021974950001161584870000003760                             82090606161      000                        1421010606                              100506000000000750010408770000000000000125647101020606              0000000000000000000000000000000000000000000000007815000000000031500000000000001020606                         0000000000000000000000000                                             000022
102021974950001161584870000003760                             82090632154      000                        1421010606                              100606000000000375010408770000000000000125647101020606              0000000000000000000000000000000000000000000000003750000000000000000000000000001020606                         0000000000000000000000000                                             000023
102021974950001161584870000003760                             82090632162      000                        1421010606                              100606000000000375010408770000000000000125647101020606              0000000000000000000000000000000000000000000000003750000000000000000000000000001020606                         0000000000000000000000000                                             000024
102021974950001161584870000003760                             82090825173      000                        1421010606                              100606000000000340010408770000000000000125647101020606              0000000000000000000000000000000000000000000000003400000000000000000000000000001020606                         0000000000000000000000000                                             000025
102021974950001161584870000003760                             82090831173      000                        1421010606                              100606000000000340010408770000000000000125647101020606              0000000000000000000000000000000000000000000000003400000000000000000000000000001020606                         0000000000000000000000000                                             000026
102021974950001161584870000003760                             82110227179      000                        1421010606                              100606000000000450006500016000000000000270663101020606              0000000000000000000000000000000000000000000000004500000000000000000000000000001020606                         0000000000000000000000000                                             000027
102021974950001161584870000003760                             82110632120      000                        1421010606                              250506000000000750010407765000000000000125647101020606              0000000000000000000000000000000000000000000000007706000000000020600000000000001020606                         0000000000000000000000000                                             000028
102021974950001161584870000003760                             82110724121      000                        1421010606                              250506000000000750010407765000000000000125647101020606              0000000000000000000000000000000000000000000000007706000000000020600000000000001020606                         0000000000000000000000000                                             000029
102021974950001161584870000003760                             82110830126      000                        1421010606                              250506000000000750010407765000000000000125647101020606              0000000000000000000000000000000000000000000000007706000000000020600000000000001020606                         0000000000000000000000000                                             000030
102021974950001161584870000003760                             82120124160      000                        1421010606                              100306000000000650010421245000000000000240655100010606              0000000000000000000000000000000000000000000000007170000000000067000000000000001010606                         0000000000000000000000000                                             000031
9201104                                                                                                                                                                                                                                                                                                                                                                                                   000032
