02RETORNO01COBRANCA       1584870000003760    IPAD                          104C ECON FEDERAL 281206                                                                                                                                                                                                                                                                                                 00359000001
102021974950001161584870000003760                             82000050355      000                        1421281206                              000000000000000800010409156000000000000125620101291206              0000000000000000000000000000000000000000000000008000000000000000000000000000001291206                         0000000000000000000000000                                             000002
102021974950001161584870000003760                             82010306174      000                        1421281206                              101206000000000660010409148000000000000125647101291206              0000000000000000000000000000000000000000000000006745000000000014500000000000001291206                         0000000000000000000000000                                             000003
102021974950001161584870000003760                             82030525165      000                        1421281206                              151206000000000760010409156000000000000125647101291206              0000000000000000000000000000000000000000000000007856000000000025600000000000001291206                         0000000000000000000000000                                             000004
102021974950001161584870000003760                             82030534156      000                        1421281206                              151106000000000760010409156000000000000240655100281206              0000000000000000000000000000000000000000000000008079000000000047900000000000001281206                         0000000000000000000000000                                             000005
102021974950001161584870000003760                             82030813152      000                        1421281206                              151206000000000760010409156000000000000125647101291206              0000000000000000000000000000000000000000000000007851000000000025100000000000001291206                         0000000000000000000000000                                             000006
102021974950001161584870000003760                             82031022116      000                        1421281206                              301206000000000760000141966000000000000270663101291206              0000000000000000000000000000000000000000000000007600000000000000000000000000001291206                         0000000000000000000000000                                             000007
102021974950001161584870000003760                             82060406164      000                        1421281206                              101206000000000760010406785000000000000125647101291206              0000000000000000000000000000000000000000000000007888000000000028800000000000001291206                         0000000000000000000000000                                             000008
102021974950001161584870000003760                             82060714179      000                        1421281206                              151006000000000860010427197000000000000240655100281206              0000000000000000000000000000000000000000000000009438000000000083800000000000001281206                         0000000000000000000000000                                             000009
102021974950001161584870000003760                             82061002113      000                        1421281206                              151206000000000760010400540000000000000125647101291206              0000000000000000000000000000000000000000000000007843000000000024300000000000001291206                         0000000000000000000000000                                             000010
9201104                                                                                                                                                                                                                                                                                                                                                                                                   000011
