02RETORNO01COBRANCA       1584870000003760    IPAD                          104C ECON FEDERAL 020806                                                                                                                                                                                                                                                                                                 00258000001
102021974950001161584870000003760                             82030229132      000                        1421020806                              000000000000000760039928996000000000000270663101030806              0000000000000000000000000000000000000000000000007600000000000000000000000000001030806                         0000000000000000000000000                                             000002
102021974950001161584870000003760                             82030547126      000                        1421020806                              150806000000000760010409148000000000000125620101030806              0000000000000000000000000000000000000000000000007600000000000000000000000000001030806                         0000000000000000000000000                                             000003
102021974950001161584870000003760                             82030548122      000                        1421020806                              150806000000000760010409148000000000000125620101030806              0000000000000000000000000000000000000000000000007600000000000000000000000000001030806                         0000000000000000000000000                                             000004
102021974950001161584870000003760                             82060209164      000                        1421020806                              100606000000000860010421911000000000000125647101030806              0000000000000000000000000000000000000000000000009227000000000062700000000000001030806                         0000000000000000000000000                                             000005
102021974950001161584870000003760                             82060506118      000                        1421020806                              150706000000000760010400450000000000000125647101030806              0000000000000000000000000000000000000000000000007889000000000028900000000000001030806                         0000000000000000000000000                                             000006
102021974950001161584870000003760                             82060904121      000                        1421020806                              000000000000000760039902866000000000000270663101030806              0000000000000000000000000000000000000000000000007600000000000000000000000000001030806                         0000000000000000000000000                                             000007
102021974950001161584870000003760                             82070619136      000                        1421020806                              210706000000000760010405592000000000000125647101030806              0000000000000000000000000000000000000000000000007835000000000023500000000000001030806                         0000000000000000000000000                                             000008
102021974950001161584870000003760                             82110834148      000                        1421020806                              250706000000000750010407765000000000000125647101030806              0000000000000000000000000000000000000000000000007715000000000021500000000000001030806                         0000000000000000000000000                                             000009
9201104                                                                                                                                                                                                                                                                                                                                                                                                   000010
