02RETORNO01COBRANCA       1584870000003760    IPAD                          104C ECON FEDERAL 020107                                                                                                                                                                                                                                                                                                 00360000001
102021974950001161584870000003760                             82000050363      000                        1421020107                              000000000000000800006500016000000000000270663101030107              0000000000000000000000000000000000000000000000008000000000000000000000000000001030107                         0000000000000000000000000                                             000002
102021974950001161584870000003760                             82000050819      000                        1421020107                              000000000000000760010400523000000000000125647101030107              0000000000000000000000000000000000000000000000007600000000000000000000000000001030107                         0000000000000000000000000                                             000003
102021974950001161584870000003760                             82030514171      000                        1421020107                              150107000000000760010409156000000000000125620101030107              0000000000000000000000000000000000000000000000007600000000000000000000000000001030107                         0000000000000000000000000                                             000004
102021974950001161584870000003760                             82030516174      000                        1421020107                              150107000000000760010409148000000000000125620101030107              0000000000000000000000000000000000000000000000007600000000000000000000000000001030107                         0000000000000000000000000                                             000005
102021974950001161584870000003760                             82030517170      000                        1421020107                              150107000000000760010409148000000000000125620101030107              0000000000000000000000000000000000000000000000007600000000000000000000000000001030107                         0000000000000000000000000                                             000006
102021974950001161584870000003760                             82030548173      000                        1421020107                              150107000000000760010409148000000000000125620101030107              0000000000000000000000000000000000000000000000007600000000000000000000000000001030107                         0000000000000000000000000                                             000007
102021974950001161584870000003760                             82030552170      000                        1421020107                              150107000000000760006500016000000000000270663101030107              0000000000000000000000000000000000000000000000007600000000000000000000000000001030107                         0000000000000000000000000                                             000008
102021974950001161584870000003760                             82030902171      000                        1421020107                              100107000000000760023732156000000000000270663101030107              0000000000000000000000000000000000000000000000007600000000000000000000000000001030107                         0000000000000000000000000                                             000009
102021974950001161584870000003760                             82030910174      000                        1421020107                              100107000000000760023732156000000000000270663101030107              0000000000000000000000000000000000000000000000007600000000000000000000000000001030107                         0000000000000000000000000                                             000010
102021974950001161584870000003760                             82030913165      000                        1421020107                              101206000000000760010407757000000000000125647101030107              0000000000000000000000000000000000000000000000007927000000000032700000000000001030107                         0000000000000000000000000                                             000011
102021974950001161584870000003760                             82030915168      000                        1421020107                              101206000000000760010407757000000000000125647101030107              0000000000000000000000000000000000000000000000007926000000000032600000000000001030107                         0000000000000000000000000                                             000012
102021974950001161584870000003760                             82030923179      000                        1421020107                              100107000000000760010407757000000000000125647101030107              0000000000000000000000000000000000000000000000007600000000000000000000000000001030107                         0000000000000000000000000                                             000013
102021974950001161584870000003760                             82030928154      000                        1421020107                              101106000000000760010407757000000000000125647101030107              0000000000000000000000000000000000000000000000008162000000000056200000000000001030107                         0000000000000000000000000                                             000014
102021974950001161584870000003760                             82031004118      000                        1421020107                              301206000000000760000141966000000000000270663101030107              0000000000000000000000000000000000000000000000007600000000000000000000000000001030107                         0000000000000000000000000                                             000015
102021974950001161584870000003760                             82031007117      000                        1421020107                              301206000000000760010400523000000000000125647101030107              0000000000000000000000000000000000000000000000007600000000000000000000000000001030107                         0000000000000000000000000                                             000016
102021974950001161584870000003760                             82031009110      000                        1421020107                              301206000000000760000141966000000000000270663101030107              0000000000000000000000000000000000000000000000007600000000000000000000000000001030107                         0000000000000000000000000                                             000017
102021974950001161584870000003760                             82031010118      000                        1421020107                              301206000000000760000141966000000000000270663101030107              0000000000000000000000000000000000000000000000007600000000000000000000000000001030107                         0000000000000000000000000                                             000018
102021974950001161584870000003760                             82031011114      000                        1421020107                              301206000000000760010400523000000000000125647101030107              0000000000000000000000000000000000000000000000007600000000000000000000000000001030107                         0000000000000000000000000                                             000019
102021974950001161584870000003760                             82031025115      000                        1421020107                              301206000000000760010400523000000000000125647101030107              0000000000000000000000000000000000000000000000007600000000000000000000000000001030107                         0000000000000000000000000                                             000020
102021974950001161584870000003760                             82031032111      000                        1421020107                              301206000000000760000141966000000000000270663101030107              0000000000000000000000000000000000000000000000007600000000000000000000000000001030107                         0000000000000000000000000                                             000021
102021974950001161584870000003760                             82031035110      000                        1421020107                              301206000000000760010400523000000000000125647101030107              0000000000000000000000000000000000000000000000007600000000000000000000000000001030107                         0000000000000000000000000                                             000022
102021974950001161584870000003760                             82031126132      000                        1421020107                              100107000000000760010424465000000000000240655100020107              0000000000000000000000000000000000000000000000007600000000000000000000000000001020107                         0000000000000000000000000                                             000023
102021974950001161584870000003760                             82060519147      000                        1421020107                              101006000000000760010415849000000000000240655100020107              0000000000000000000000000000000000000000000000008390000000000079000000000000001020107                         0000000000000000000000000                                             000024
102021974950001161584870000003760                             82060519163      000                        1421020107                              101206000000000760010415849000000000000240655100020107              0000000000000000000000000000000000000000000000007927000000000032700000000000001020107                         0000000000000000000000000                                             000025
102021974950001161584870000003760                             82060519171      000                        1421020107                              100107000000000760035610476000000000000270663101030107              0000000000000000000000000000000000000000000000007600000000000000000000000000001030107                         0000000000000000000000000                                             000026
102021974950001161584870000003760                             82060521176      000                        1421020107                              100107000000000660000135056000000000000270663101030107              0000000000000000000000000000000000000000000000006600000000000000000000000000001030107                         0000000000000000000000000                                             000027
102021974950001161584870000003760                             82060523179      000                        1421020107                              100107000000000760010400485000000000000125647101030107              0000000000000000000000000000000000000000000000007600000000000000000000000000001030107                         0000000000000000000000000                                             000028
102021974950001161584870000003760                             82060909174      000                        1421020107                              100107000000000760075641796000000000000270663101030107              0000000000000000000000000000000000000000000000007600000000000000000000000000001030107                         0000000000000000000000000                                             000029
102021974950001161584870000003760                             82060910172      000                        1421020107                              100107000000000760010406785000000000000125647101030107              0000000000000000000000000000000000000000000000007600000000000000000000000000001030107                         0000000000000000000000000                                             000030
102021974950001161584870000003760                             82060928160      000                        1421020107                              100107000000000760010400485000000000000125647101030107              0000000000000000000000000000000000000000000000007600000000000000000000000000001030107                         0000000000000000000000000                                             000031
102021974950001161584870000003760                             82060929132      000                        1421020107                              101006000000000760010423469000000000000125647101030107              0000000000000000000000000000000000000000000000008383000000000078300000000000001030107                         0000000000000000000000000                                             000032
102021974950001161584870000003760                             82070102133      000                        1421020107                              020107000000000860010415830000000000000240655100020107              0000000000000000000000000000000000000000000000008600000000000000000000000000001020107                         0000000000000000000000000                                             000033
102021974950001161584870000003760                             82070102168      000                        1421020107                              020107000000000860010415830000000000000240655100020107              0000000000000000000000000000000000000000000000008600000000000000000000000000001020107                         0000000000000000000000000                                             000034
102021974950001161584870000003760                             82070605178      000                        1421020107                              261206000000000660010405592000000000000125647101030107              0000000000000000000000000000000000000000000000006778000000000017800000000000001030107                         0000000000000000000000000                                             000035
102021974950001161584870000003760                             82070704176      000                        1421020107                              200107000000000760006500016000000000000270663101030107              0000000000000000000000000000000000000000000000007600000000000000000000000000001030107                         0000000000000000000000000                                             000036
102021974950001161584870000003760                             82071208148      000                        1421020107                              101006000000000760010409237000000000000125647101030107              0000000000000000000000000000000000000000000000008390000000000079000000000000001030107                         0000000000000000000000000                                             000037
102021974950001161584870000003760                             82071208156      000                        1421020107                              101106000000000760010409237000000000000125647101030107              0000000000000000000000000000000000000000000000008154000000000055400000000000001030107                         0000000000000000000000000                                             000038
102021974950001161584870000003760                             82071208164      000                        1421020107                              101206000000000760010409237000000000000125647101030107              0000000000000000000000000000000000000000000000007927000000000032700000000000001030107                         0000000000000000000000000                                             000039
102021974950001161584870000003760                             82071208172      000                        1421020107                              100107000000000760006500016000000000000270663101030107              0000000000000000000000000000000000000000000000007600000000000000000000000000001030107                         0000000000000000000000000                                             000040
102021974950001161584870000003760                             82071412110      000                        1421020107                              101106000000000760010421245000000000000125647101030107              0000000000000000000000000000000000000000000000008155000000000055500000000000001030107                         0000000000000000000000000                                             000041
102021974950001161584870000003760                             82090516154      000                        1421020107                              300806000000000375010408770000000000000125647101030107              0000000000000000000000000000000000000000000000004291000000000054100000000000001030107                         0000000000000000000000000                                             000042
102021974950001161584870000003760                             82090516162      000                        1421020107                              300806000000000375010408770000000000000125647101030107              0000000000000000000000000000000000000000000000004291000000000054100000000000001030107                         0000000000000000000000000                                             000043
102021974950001161584870000003760                             82090516170      000                        1421020107                              300806000000000375010408770000000000000125647101030107              0000000000000000000000000000000000000000000000004291000000000054100000000000001030107                         0000000000000000000000000                                             000044
9201104                                                                                                                                                                                                                                                                                                                                                                                                   000045
