02RETORNO01COBRANCA       1584870000003760    IPAD                          104C ECON FEDERAL 020606                                                                                                                                                                                                                                                                                                 00216000001
102021974950001161584870000003760                             82000038983      000                        1421020606                              000000000000000760010410308000000000000125647101050606              0000000000000000000000000000000000000000000000007600000000000000000000000000001050606                         0000000000000000000000000                                             000002
102021974950001161584870000003760                             82000041070      000                        1421020606                              000000000000000760010430171000000000000125647101050606              0000000000000000000000000000000000000000000000007600000000000000000000000000001050606                         0000000000000000000000000                                             000003
102021974950001161584870000003760                             82000044002      000                        1421020606                              000000000000000760010409148000000000000125647101050606              0000000000000000000000000000000000000000000000007600000000000000000000000000001050606                         0000000000000000000000000                                             000004
102021974950001161584870000003760                             82000044045      000                        1421020606                              000000000000000760010409148000000000000125647101050606              0000000000000000000000000000000000000000000000007600000000000000000000000000001050606                         0000000000000000000000000                                             000005
102021974950001161584870000003760                             82000044428      000                        1421020606                              000000000000000760010409237000000000000125647101050606              0000000000000000000000000000000000000000000000007600000000000000000000000000001050606                         0000000000000000000000000                                             000006
102021974950001161584870000003760                             82000045122      000                        1421020606                              000000000000000760075641796000000000000270663101050606              0000000000000000000000000000000000000000000000007600000000000000000000000000001050606                         0000000000000000000000000                                             000007
102021974950001161584870000003760                             82000045149      000                        1421020606                              000000000000000760010409156000000000000125647101050606              0000000000000000000000000000000000000000000000007600000000000000000000000000001050606                         0000000000000000000000000                                             000008
102021974950001161584870000003760                             82000045149      000                        1421020606                              000000000000000760006500016000000000000270663101050606              0000000000000000000000000000000000000000000000007600000000000000000000000000001050606                         0000000000000000000000000                                             000009
102021974950001161584870000003760                             82000045149      000                        1421020606                              000000000000000760074500016000000000000270663101050606              0000000000000000000000000000000000000000000000007600000000000000000000000000001050606                         0000000000000000000000000                                             000010
102021974950001161584870000003760                             82000045564      000                        1421020606                              000000000000000760010407757000000000000125647101050606              0000000000000000000000000000000000000000000000007600000000000000000000000000001050606                         0000000000000000000000000                                             000011
102021974950001161584870000003760                             82000045580      000                        1421020606                              000000000000000760010407757000000000000125647101050606              0000000000000000000000000000000000000000000000007600000000000000000000000000001050606                         0000000000000000000000000                                             000012
102021974950001161584870000003760                             82000045777      000                        1421020606                              000000000000000760010407757000000000000125647101050606              0000000000000000000000000000000000000000000000007600000000000000000000000000001050606                         0000000000000000000000000                                             000013
102021974950001161584870000003760                             82010303116      000                        1421020606                              100606000000000660010409148000000000000125647101050606              0000000000000000000000000000000000000000000000006600000000000000000000000000001050606                         0000000000000000000000000                                             000014
102021974950001161584870000003760                             82010307111      000                        1421020606                              100606000000000660006500016000000000000270663101050606              0000000000000000000000000000000000000000000000006600000000000000000000000000001050606                         0000000000000000000000000                                             000015
102021974950001161584870000003760                             82030105140      000                        1421020606                              100206000000000750010424465000000000000240655100020606              0000000000000000000000000000000000000000000000007762000000000026200000000000001020606                         0000000000000000000000000                                             000016
102021974950001161584870000003760                             82030105158      000                        1421020606                              100306000000000750010424465000000000000240655100020606              0000000000000000000000000000000000000000000000007734000000000023400000000000001020606                         0000000000000000000000000                                             000017
102021974950001161584870000003760                             82030321136      000                        1421020606                              300506000000000860010409156000000000000125647101050606              0000000000000000000000000000000000000000000000008796000000000019600000000000001050606                         0000000000000000000000000                                             000018
102021974950001161584870000003760                             82060214168      000                        1421020606                              100406000000000860010421911000000000000125647101050606              0000000000000000000000000000000000000000000000009196000000000059600000000000001050606                         0000000000000000000000000                                             000019
102021974950001161584870000003760                             82060316165      000                        1421020606                              150406000000000860010408761000000000000125647101050606              0000000000000000000000000000000000000000000000009185000000000058500000000000001050606                         0000000000000000000000000                                             000020
102021974950001161584870000003760                             82060316173      000                        1421020606                              150506000000000860010408761000000000000125647101050606              0000000000000000000000000000000000000000000000008927000000000032700000000000001050606                         0000000000000000000000000                                             000021
102021974950001161584870000003760                             82060719120      000                        1421020606                              150506000000000860010400485000000000000240655100020606              0000000000000000000000000000000000000000000000008934000000000033400000000000001020606                         0000000000000000000000000                                             000022
102021974950001161584870000003760                             82090326177      000                        1421020606                              100606000000000750010400540000000000000125647101050606              0000000000000000000000000000000000000000000000007500000000000000000000000000001050606                         0000000000000000000000000                                             000023
102021974950001161584870000003760                             82090806179      000                        1421020606                              100606000000000340010408770000000000000125647101050606              0000000000000000000000000000000000000000000000003400000000000000000000000000001050606                         0000000000000000000000000                                             000024
102021974950001161584870000003760                             82090827168      000                        1421020606                              100506000000000450010408770000000000000125647101050606              0000000000000000000000000000000000000000000000004613000000000011300000000000001050606                         0000000000000000000000000                                             000025
102021974950001161584870000003760                             82110608121      000                        1421020606                              250506000000000750010407765000000000000125647101050606              0000000000000000000000000000000000000000000000007714000000000021400000000000001050606                         0000000000000000000000000                                             000026
9201104                                                                                                                                                                                                                                                                                                                                                                                                   000027
