02RETORNO01COBRANCA       1584870000003760    IPAD                          104C ECON FEDERAL 020805                                                                                                                                                                                                                                                                                                 00017000001
102021974950001161584870000003760                             82999371821      000                        1421020805                              100805000000000860010400540000000000000125647101030805              0000000000000000000000000000000000000000000000008600000000000000000000000000001030805                         0000000000000000000000000                                             000002
102021974950001161584870000003760                             82999371848      000                        1421020805                              100805000000000860010400540000000000000125647101030805              0000000000000000000000000000000000000000000000008600000000000000000000000000001030805                         0000000000000000000000000                                             000003
102021974950001161584870000003760                             82999371864      000                        1421020805                              100805000000000860010400540000000000000125647101030805              0000000000000000000000000000000000000000000000008600000000000000000000000000001030805                         0000000000000000000000000                                             000004
102021974950001161584870000003760                             82999371880      000                        1421020805                              100805000000000860010400540000000000000125647101030805              0000000000000000000000000000000000000000000000008600000000000000000000000000001030805                         0000000000000000000000000                                             000005
102021974950001161584870000003760                             82999371902      000                        1421020805                              100805000000000860010400540000000000000125647101030805              0000000000000000000000000000000000000000000000008600000000000000000000000000001030805                         0000000000000000000000000                                             000006
102021974950001161584870000003760                             82999371929      000                        1421020805                              100805000000000860010400540000000000000125647101030805              0000000000000000000000000000000000000000000000008600000000000000000000000000001030805                         0000000000000000000000000                                             000007
102021974950001161584870000003760                             82999371945      000                        1421020805                              100805000000000860010400540000000000000125647101030805              0000000000000000000000000000000000000000000000008600000000000000000000000000001030805                         0000000000000000000000000                                             000008
102021974950001161584870000003760                             82999371961      000                        1421020805                              100805000000000860010400540000000000000125647101030805              0000000000000000000000000000000000000000000000008600000000000000000000000000001030805                         0000000000000000000000000                                             000009
102021974950001161584870000003760                             82999371988      000                        1421020805                              100805000000000860010400540000000000000125647101030805              0000000000000000000000000000000000000000000000008600000000000000000000000000001030805                         0000000000000000000000000                                             000010
102021974950001161584870000003760                             82999372003      000                        1421020805                              100805000000000860010400540000000000000125647101030805              0000000000000000000000000000000000000000000000008600000000000000000000000000001030805                         0000000000000000000000000                                             000011
102021974950001161584870000003760                             82999372020      000                        1421020805                              100805000000000860010400540000000000000125647101030805              0000000000000000000000000000000000000000000000008600000000000000000000000000001030805                         0000000000000000000000000                                             000012
102021974950001161584870000003760                             82999372046      000                        1421020805                              100805000000000860010400540000000000000125647101030805              0000000000000000000000000000000000000000000000008600000000000000000000000000001030805                         0000000000000000000000000                                             000013
102021974950001161584870000003760                             82999372062      000                        1421020805                              100805000000000860010400540000000000000125647101030805              0000000000000000000000000000000000000000000000008600000000000000000000000000001030805                         0000000000000000000000000                                             000014
102021974950001161584870000003760                             82999372089      000                        1421020805                              100805000000000860010400540000000000000125647101030805              0000000000000000000000000000000000000000000000008600000000000000000000000000001030805                         0000000000000000000000000                                             000015
102021974950001161584870000003760                             82999372100      000                        1421020805                              100805000000000860010400540000000000000125647101030805              0000000000000000000000000000000000000000000000008600000000000000000000000000001030805                         0000000000000000000000000                                             000016
102021974950001161584870000003760                             82999372143      000                        1421020805                              100805000000000860075620076000000000000270663101030805              0000000000000000000000000000000000000000000000008600000000000000000000000000001030805                         0000000000000000000000000                                             000017
102021974950001161584870000003760                             82999372208      000                        1421020805                              100805000000000860000123356000000000000270663101030805              0000000000000000000000000000000000000000000000008600000000000000000000000000001030805                         0000000000000000000000000                                             000018
102021974950001161584870000003760                             82999372283      000                        1421020805                              100805000000000860075620076000000000000270663101030805              0000000000000000000000000000000000000000000000008600000000000000000000000000001030805                         0000000000000000000000000                                             000019
102021974950001161584870000003760                             82999372305      000                        1421020805                              100805000000000860010400540000000000000125647101030805              0000000000000000000000000000000000000000000000008600000000000000000000000000001030805                         0000000000000000000000000                                             000020
102021974950001161584870000003760                             82999372321      000                        1421020805                              100805000000000860006500016000000000000270663101030805              0000000000000000000000000000000000000000000000008600000000000000000000000000001030805                         0000000000000000000000000                                             000021
102021974950001161584870000003760                             82999372364      000                        1421020805                              100805000000000860000123356000000000000270663101030805              0000000000000000000000000000000000000000000000008600000000000000000000000000001030805                         0000000000000000000000000                                             000022
102021974950001161584870000003760                             82999372429      000                        1421020805                              100805000000000860010400540000000000000240655100020805              0000000000000000000000000000000000000000000000008600000000000000000000000000001020805                         0000000000000000000000000                                             000023
102021974950001161584870000003760                             82999372488      000                        1421020805                              100805000000000860010400540000000000000125647101030805              0000000000000000000000000000000000000000000000008600000000000000000000000000001030805                         0000000000000000000000000                                             000024
102021974950001161584870000003760                             82999372500      000                        1421020805                              100805000000000860010400540000000000000125647101030805              0000000000000000000000000000000000000000000000008600000000000000000000000000001030805                         0000000000000000000000000                                             000025
102021974950001161584870000003760                             82999372526      000                        1421020805                              100805000000000860006500016000000000000270663101030805              0000000000000000000000000000000000000000000000008600000000000000000000000000001030805                         0000000000000000000000000                                             000026
102021974950001161584870000003760                             82999372569      000                        1421020805                              100805000000000860010400540000000000000125647101030805              0000000000000000000000000000000000000000000000008600000000000000000000000000001030805                         0000000000000000000000000                                             000027
102021974950001161584870000003760                             82999372682      000                        1421020805                              100805000000000860006500016000000000000270663101030805              0000000000000000000000000000000000000000000000008600000000000000000000000000001030805                         0000000000000000000000000                                             000028
102021974950001161584870000003760                             82999372747      000                        1421020805                              100805000000000860010400540000000000000125647101030805              0000000000000000000000000000000000000000000000008600000000000000000000000000001030805                         0000000000000000000000000                                             000029
102021974950001161584870000003760                             82999372763      000                        1421020805                              100805000000000860010400540000000000000125647101030805              0000000000000000000000000000000000000000000000008600000000000000000000000000001030805                         0000000000000000000000000                                             000030
102021974950001161584870000003760                             82999372780      000                        1421020805                              100805000000000860010400540000000000000125647101030805              0000000000000000000000000000000000000000000000008600000000000000000000000000001030805                         0000000000000000000000000                                             000031
102021974950001161584870000003760                             82999372801      000                        1421020805                              100805000000000860006500016000000000000270663101030805              0000000000000000000000000000000000000000000000008600000000000000000000000000001030805                         0000000000000000000000000                                             000032
102021974950001161584870000003760                             82999372828      000                        1421020805                              100805000000000860010400540000000000000125647101030805              0000000000000000000000000000000000000000000000008600000000000000000000000000001030805                         0000000000000000000000000                                             000033
102021974950001161584870000003760                             82999372844      000                        1421020805                              100805000000000860075620076000000000000270663101030805              0000000000000000000000000000000000000000000000008600000000000000000000000000001030805                         0000000000000000000000000                                             000034
102021974950001161584870000003760                             82999372887      000                        1421020805                              100805000000000860010400540000000000000125647101030805              0000000000000000000000000000000000000000000000008600000000000000000000000000001030805                         0000000000000000000000000                                             000035
102021974950001161584870000003760                             82999372925      000                        1421020805                              100805000000000860010400540000000000000125647101030805              0000000000000000000000000000000000000000000000008600000000000000000000000000001030805                         0000000000000000000000000                                             000036
102021974950001161584870000003760                             82999372941      000                        1421020805                              100805000000000860006500016000000000000270663101030805              0000000000000000000000000000000000000000000000008600000000000000000000000000001030805                         0000000000000000000000000                                             000037
102021974950001161584870000003760                             82999372968      000                        1421020805                              100805000000000860006500016000000000000270663101030805              0000000000000000000000000000000000000000000000008600000000000000000000000000001030805                         0000000000000000000000000                                             000038
102021974950001161584870000003760                             82999374049      000                        1421020805                              100805000000000860010408770000000000000125647101030805              0000000000000000000000000000000000000000000000008600000000000000000000000000001030805                         0000000000000000000000000                                             000039
102021974950001161584870000003760                             82999374065      000                        1421020805                              100805000000000860010400540000000000000125647101030805              0000000000000000000000000000000000000000000000008600000000000000000000000000001030805                         0000000000000000000000000                                             000040
102021974950001161584870000003760                             82999374081      000                        1421020805                              100805000000000860010408770000000000000125647101030805              0000000000000000000000000000000000000000000000008600000000000000000000000000001030805                         0000000000000000000000000                                             000041
102021974950001161584870000003760                             82999379245      000                        1421020805                              100805000000000860006500016000000000000270663101030805              0000000000000000000000000000000000000000000000008600000000000000000000000000001030805                         0000000000000000000000000                                             000042
102021974950001161584870000003760                             82999379261      000                        1421020805                              100805000000000860010430171000000000000125647101030805              0000000000000000000000000000000000000000000000008600000000000000000000000000001030805                         0000000000000000000000000                                             000043
102021974950001161584870000003760                             82999379482      000                        1421020805                              100805000000000860010430171000000000000125647101030805              0000000000000000000000000000000000000000000000008600000000000000000000000000001030805                         0000000000000000000000000                                             000044
102021974950001161584870000003760                             82999383404      000                        1421020805                              100805000000000860075620076000000000000270663101030805              0000000000000000000000000000000000000000000000008600000000000000000000000000001030805                         0000000000000000000000000                                             000045
102021974950001161584870000003760                             82999383447      000                        1421020805                              000000000000000860039928996000000000000270663101030805              0000000000000000000000000000000000000000000000008600000000000000000000000000001030805                         0000000000000000000000000                                             000046
102021974950001161584870000003760                             82999383463      000                        1421020805                              000000000000000860039928996000000000000270663101030805              0000000000000000000000000000000000000000000000008600000000000000000000000000001030805                         0000000000000000000000000                                             000047
102021974950001161584870000003760                             82999384885      000                        1421020805                              100805000000000860074500016000000000000270663101030805              0000000000000000000000000000000000000000000000008600000000000000000000000000001030805                         0000000000000000000000000                                             000048
102021974950001161584870000003760                             82999385563      000                        1421020805                              000000000000000860039928996000000000000270663101030805              0000000000000000000000000000000000000000000000008600000000000000000000000000001030805                         0000000000000000000000000                                             000049
9201104                                                                                                                                                                                                                                                                                                                                                                                                   000050
