02RETORNO01COBRANCA       1584870000003760    IPAD                          104C ECON FEDERAL 030806                                                                                                                                                                                                                                                                                                 00259000001
102021974950001161584870000003760                             82030228136      000                        1421030806                              100806000000000760010409156000000000000125647101040806              0000000000000000000000000000000000000000000000007600000000000000000000000000001040806                         0000000000000000000000000                                             000002
102021974950001161584870000003760                             82030314130      000                        1421030806                              300506000000000860010409156000000000000125647101040806              0000000000000000000000000000000000000000000000009331000000000073100000000000001040806                         0000000000000000000000000                                             000003
102021974950001161584870000003760                             82030314148      000                        1421030806                              300606000000000860010409156000000000000125647101040806              0000000000000000000000000000000000000000000000009064000000000046400000000000001040806                         0000000000000000000000000                                             000004
102021974950001161584870000003760                             82030404139      000                        1421030806                              100606000000000760010407757000000000000125647101040806              0000000000000000000000000000000000000000000000008130000000000053000000000000001040806                         0000000000000000000000000                                             000005
102021974950001161584870000003760                             82030404147      000                        1421030806                              100706000000000760010407757000000000000125647101040806              0000000000000000000000000000000000000000000000007920000000000032000000000000001040806                         0000000000000000000000000                                             000006
102021974950001161584870000003760                             82030412158      000                        1421030806                              100806000000000760010407757000000000000125647101040806              0000000000000000000000000000000000000000000000007600000000000000000000000000001040806                         0000000000000000000000000                                             000007
102021974950001161584870000003760                             82030422145      000                        1421030806                              100706000000000760010407757000000000000125647101040806              0000000000000000000000000000000000000000000000007920000000000032000000000000001040806                         0000000000000000000000000                                             000008
102021974950001161584870000003760                             82030703110      000                        1421030806                              100806000000000760000111126000000000000270663101040806              0000000000000000000000000000000000000000000000007600000000000000000000000000001040806                         0000000000000000000000000                                             000009
102021974950001161584870000003760                             82030720111      000                        1421030806                              100806000000000760000111126000000000000270663101040806              0000000000000000000000000000000000000000000000007600000000000000000000000000001040806                         0000000000000000000000000                                             000010
102021974950001161584870000003760                             82060520110      000                        1421030806                              150706000000000760010400450000000000000125647101040806              0000000000000000000000000000000000000000000000007904000000000030400000000000001040806                         0000000000000000000000000                                             000011
102021974950001161584870000003760                             82070216155      000                        1421030806                              040806000000000860006500016000000000000270663101040806              0000000000000000000000000000000000000000000000008600000000000000000000000000001040806                         0000000000000000000000000                                             000012
102021974950001161584870000003760                             82070216163      000                        1421030806                              040806000000000860006500016000000000000270663101040806              0000000000000000000000000000000000000000000000008600000000000000000000000000001040806                         0000000000000000000000000                                             000013
102021974950001161584870000003760                             82070216171      000                        1421030806                              040806000000000860006500016000000000000270663101040806              0000000000000000000000000000000000000000000000008600000000000000000000000000001040806                         0000000000000000000000000                                             000014
102021974950001161584870000003760                             82070602136      000                        1421030806                              210706000000000760010405592000000000000125647101040806              0000000000000000000000000000000000000000000000007851000000000025100000000000001040806                         0000000000000000000000000                                             000015
102021974950001161584870000003760                             82071217112      000                        1421030806                              100706000000000760010412947000000000000240655100030806              0000000000000000000000000000000000000000000000007934000000000033400000000000001030806                         0000000000000000000000000                                             000016
102021974950001161584870000003760                             82071222124      000                        1421030806                              100806000000000760006500016000000000000270663101040806              0000000000000000000000000000000000000000000000007600000000000000000000000000001040806                         0000000000000000000000000                                             000017
9201104                                                                                                                                                                                                                                                                                                                                                                                                   000018
