02RETORNO01COBRANCA       1584870000003760    IPAD                          104C ECON FEDERAL 020206                                                                                                                                                                                                                                                                                                 00135000001
102021974950001161584870000003760                             82010206145      000                        1421020206                              100206000000000420010414338000000000000125647101030206              0000000000000000000000000000000000000000000000004200000000000000000000000000001030206                         0000000000000000000000000                                             000002
102021974950001161584870000003760                             82010224135      000                        1421020206                              100106000000000420010414338000000000000125647101030206              0000000000000000000000000000000000000000000000004380000000000018000000000000001030206                         0000000000000000000000000                                             000003
102021974950001161584870000003760                             82030124144      000                        1421020206                              100206000000000750000109176000000000000270663101030206              0000000000000000000000000000000000000000000000007500000000000000000000000000001030206                         0000000000000000000000000                                             000004
102021974950001161584870000003760                             82040211155      000                        1421020206                              100206000000000430010400523000000000000125647101030206              0000000000000000000000000000000000000000000000004300000000000000000000000000001030206                         0000000000000000000000000                                             000005
102021974950001161584870000003760                             82040215150      000                        1421020206                              100206000000000430010400523000000000000125647101030206              0000000000000000000000000000000000000000000000004300000000000000000000000000001030206                         0000000000000000000000000                                             000006
102021974950001161584870000003760                             82040217153      000                        1421020206                              000000000000000430039928996000000000000270663101030206              0000000000000000000000000000000000000000000000004300000000000000000000000000001030206                         0000000000000000000000000                                             000007
102021974950001161584870000003760                             82040229151      000                        1421020206                              100206000000000430010400523000000000000125647101030206              0000000000000000000000000000000000000000000000004300000000000000000000000000001030206                         0000000000000000000000000                                             000008
102021974950001161584870000003760                             82040230150      000                        1421020206                              100206000000000430010400523000000000000125647101030206              0000000000000000000000000000000000000000000000004300000000000000000000000000001030206                         0000000000000000000000000                                             000009
102021974950001161584870000003760                             82040235151      000                        1421020206                              100206000000000430010400523000000000000125647101030206              0000000000000000000000000000000000000000000000004300000000000000000000000000001030206                         0000000000000000000000000                                             000010
102021974950001161584870000003760                             82040304145      000                        1421020206                              100106000000000360010400523000000000000125647101030206              0000000000000000000000000000000000000000000000004500000000000090000000000000001030206                         0000000000000000000000000                                             000011
102021974950001161584870000003760                             82040517157      000                        1421020206                              100206000000000860006500016000000000000270663101030206              0000000000000000000000000000000000000000000000008600000000000000000000000000001030206                         0000000000000000000000000                                             000012
102021974950001161584870000003760                             82050117151      000                        1421020206                              100206000000000400010400531000000000000125647101030206              0000000000000000000000000000000000000000000000004000000000000000000000000000001030206                         0000000000000000000000000                                             000013
102021974950001161584870000003760                             82050133157      000                        1421020206                              000000000000000400039928996000000000000270663101030206              0000000000000000000000000000000000000000000000004000000000000000000000000000001030206                         0000000000000000000000000                                             000014
102021974950001161584870000003760                             82050138159      000                        1421020206                              180206000000000400010412955000000000000125647101030206              0000000000000000000000000000000000000000000000004000000000000000000000000000001030206                         0000000000000000000000000                                             000015
102021974950001161584870000003760                             82050209145      000                        1421020206                              100106000000000400010400531000000000000125647101030206              0000000000000000000000000000000000000000000000004212000000000021200000000000001030206                         0000000000000000000000000                                             000016
102021974950001161584870000003760                             82050209153      000                        1421020206                              100206000000000400010400531000000000000125647101030206              0000000000000000000000000000000000000000000000004000000000000000000000000000001030206                         0000000000000000000000000                                             000017
102021974950001161584870000003760                             82050317142      000                        1421020206                              100106000000000860010427782000000000000125647101030206              0000000000000000000000000000000000000000000000008970000000000037000000000000001030206                         0000000000000000000000000                                             000018
102021974950001161584870000003760                             82060108163      000                        1421020206                              150206000000000860010430171000000000000125647101030206              0000000000000000000000000000000000000000000000008600000000000000000000000000001030206                         0000000000000000000000000                                             000019
102021974950001161584870000003760                             82060202143      000                        1421020206                              100206000000000860023720336000000000000270663101030206              0000000000000000000000000000000000000000000000008600000000000000000000000000001030206                         0000000000000000000000000                                             000020
102021974950001161584870000003760                             82060231143      000                        1421020206                              000000000000000860039928996000000000000270663101030206              0000000000000000000000000000000000000000000000008600000000000000000000000000001030206                         0000000000000000000000000                                             000021
102021974950001161584870000003760                             82070109146      000                        1421020206                              100106000000000860010423485000000000000240655100020206              0000000000000000000000000000000000000000000000008795000000000019500000000000001020206                         0000000000000000000000000                                             000022
102021974950001161584870000003760                             82070305131      000                        1421020206                              151205000000000860010406483000000000000125647101030206              0000000000000000000000000000000000000000000000009213000000000061300000000000001030206                         0000000000000000000000000                                             000023
102021974950001161584870000003760                             82070305140      000                        1421020206                              150106000000000860010406483000000000000125647101030206              0000000000000000000000000000000000000000000000008934000000000033400000000000001030206                         0000000000000000000000000                                             000024
102021974950001161584870000003760                             82070405152      000                        1421020206                              000000000000000860040975226000000000000270663101030206              0000000000000000000000000000000000000000000000008600000000000000000000000000001030206                         0000000000000000000000000                                             000025
102021974950001161584870000003760                             82070425153      000                        1421020206                              000000000000000860039928996000000000000270663101030206              0000000000000000000000000000000000000000000000008600000000000000000000000000001030206                         0000000000000000000000000                                             000026
102021974950001161584870000003760                             82070427156      000                        1421020206                              150206000000000860006500016000000000000270663101030206              0000000000000000000000000000000000000000000000008600000000000000000000000000001030206                         0000000000000000000000000                                             000027
102021974950001161584870000003760                             82070428152      000                        1421020206                              150206000000000860006500016000000000000270663101030206              0000000000000000000000000000000000000000000000008600000000000000000000000000001030206                         0000000000000000000000000                                             000028
102021974950001161584870000003760                             82090228140      000                        1421020206                              100106000000000750010400540000000000000125647101030206              0000000000000000000000000000000000000000000000007815000000000031500000000000001030206                         0000000000000000000000000                                             000029
102021974950001161584870000003760                             82090509140      000                        1421020206                              100106000000000375010408770000000000000240655100020206              0000000000000000000000000000000000000000000000003911000000000016100000000000001020206                         0000000000000000000000000                                             000030
102021974950001161584870000003760                             82090513155      000                        1421020206                              100206000000000375010408770000000000000125647101030206              0000000000000000000000000000000000000000000000003750000000000000000000000000001030206                         0000000000000000000000000                                             000031
102021974950001161584870000003760                             82090804133      000                        1421020206                              100206000000000450023718776000000000000270663101030206              0000000000000000000000000000000000000000000000004500000000000000000000000000001030206                         0000000000000000000000000                                             000032
102021974950001161584870000003760                             82090903140      000                        1421020206                              100106000000000750010408770000000000000240655100020206              0000000000000000000000000000000000000000000000007823000000000032300000000000001020206                         0000000000000000000000000                                             000033
102021974950001161584870000003760                             82090903158      000                        1421020206                              100206000000000750010408770000000000000240655100020206              0000000000000000000000000000000000000000000000007500000000000000000000000000001020206                         0000000000000000000000000                                             000034
102021974950001161584870000003760                             82090916152      000                        1421020206                              100206000000000750010408770000000000000125647101030206              0000000000000000000000000000000000000000000000007500000000000000000000000000001030206                         0000000000000000000000000                                             000035
102021974950001161584870000003760                             82090923159      000                        1421020206                              100206000000000750010408770000000000000125647101030206              0000000000000000000000000000000000000000000000007500000000000000000000000000001030206                         0000000000000000000000000                                             000036
102021974950001161584870000003760                             82091119159      000                        1421020206                              100206000000000750010400540000000000000125647101030206              0000000000000000000000000000000000000000000000007500000000000000000000000000001030206                         0000000000000000000000000                                             000037
102021974950001161584870000003760                             82120137148      000                        1421020206                              100106000000000650010421245000000000000125647101030206              0000000000000000000000000000000000000000000000006791000000000029100000000000001030206                         0000000000000000000000000                                             000038
9201104                                                                                                                                                                                                                                                                                                                                                                                                   000039
