02RETORNO01COBRANCA       1584870000003760    IPAD                          104C ECON FEDERAL 030706                                                                                                                                                                                                                                                                                                 00236000001
102021974950001161584870000003760                             82000046463      000                        1421030706                              000000000000000760010405592000000000000125647101040706              0000000000000000000000000000000000000000000000007600000000000000000000000000001040706                         0000000000000000000000000                                             000002
102021974950001161584870000003760                             82030232133      000                        1421030706                              100806000000000760010400418000000000000125620101040706              0000000000000000000000000000000000000000000000007600000000000000000000000000001040706                         0000000000000000000000000                                             000003
102021974950001161584870000003760                             82030301143      000                        1421030706                              300606000000000860010409156000000000000125647101040706              0000000000000000000000000000000000000000000000008780000000000018000000000000001040706                         0000000000000000000000000                                             000004
102021974950001161584870000003760                             82030315136      000                        1421030706                              300506000000000860010409156000000000000125647101040706              0000000000000000000000000000000000000000000000009020000000000042000000000000001040706                         0000000000000000000000000                                             000005
102021974950001161584870000003760                             82030905111      000                        1421030706                              100706000000000760010407757000000000000125647101040706              0000000000000000000000000000000000000000000000007600000000000000000000000000001040706                         0000000000000000000000000                                             000006
102021974950001161584870000003760                             82030911111      000                        1421030706                              100706000000000760010407757000000000000125647101040706              0000000000000000000000000000000000000000000000007600000000000000000000000000001040706                         0000000000000000000000000                                             000007
102021974950001161584870000003760                             82030913114      000                        1421030706                              100706000000000760010407757000000000000125647101040706              0000000000000000000000000000000000000000000000007600000000000000000000000000001040706                         0000000000000000000000000                                             000008
102021974950001161584870000003760                             82030919112      000                        1421030706                              100706000000000760010407757000000000000125647101040706              0000000000000000000000000000000000000000000000007600000000000000000000000000001040706                         0000000000000000000000000                                             000009
102021974950001161584870000003760                             82060209156      000                        1421030706                              300506000000000860010421911000000000000125647101040706              0000000000000000000000000000000000000000000000009064000000000046400000000000001040706                         0000000000000000000000000                                             000010
102021974950001161584870000003760                             82060336174      000                        1421030706                              150506000000000860010408761000000000000125647101040706              0000000000000000000000000000000000000000000000009193000000000059300000000000001040706                         0000000000000000000000000                                             000011
102021974950001161584870000003760                             82060619125      000                        1421030706                              150506000000000750010412424000000000000125647101040706              0000000000000000000000000000000000000000000000007993000000000049300000000000001040706                         0000000000000000000000000                                             000012
102021974950001161584870000003760                             82060623122      000                        1421030706                              150606000000000750010412424000000000000125647101040706              0000000000000000000000000000000000000000000000007802000000000030200000000000001040706                         0000000000000000000000000                                             000013
102021974950001161584870000003760                             82070329170      000                        1421030706                              150406000000000860010408761000000000000240655100030706              0000000000000000000000000000000000000000000000009546000000000094600000000000001030706                         0000000000000000000000000                                             000014
102021974950001161584870000003760                             82070603132      000                        1421030706                              210706000000000760010405592000000000000125647101040706              0000000000000000000000000000000000000000000000007600000000000000000000000000001040706                         0000000000000000000000000                                             000015
102021974950001161584870000003760                             82090506175      000                        1421030706                              100406000000000375010408770000000000000125647101040706              0000000000000000000000000000000000000000000000004134000000000038400000000000001040706                         0000000000000000000000000                                             000016
102021974950001161584870000003760                             82090827176      000                        1421030706                              100606000000000450010408770000000000000125647101040706              0000000000000000000000000000000000000000000000004611000000000011100000000000001040706                         0000000000000000000000000                                             000017
102021974950001161584870000003760                             82110314179      000                        1421030706                              040706000000000860006500016000000000000270663101040706              0000000000000000000000000000000000000000000000008600000000000000000000000000001040706                         0000000000000000000000000                                             000018
102021974950001161584870000003760                             82110332177      000                        1421030706                              150606000000000860010407765000000000000125647101040706              0000000000000000000000000000000000000000000000008900000000000030000000000000001040706                         0000000000000000000000000                                             000019
102021974950001161584870000003760                             82110633134      000                        1421030706                              200606000000000750010407765000000000000125647101040706              0000000000000000000000000000000000000000000000007740000000000024000000000000001040706                         0000000000000000000000000                                             000020
102021974950001161584870000003760                             82110804133      000                        1421030706                              200606000000000750010407765000000000000125647101040706              0000000000000000000000000000000000000000000000007754000000000025400000000000001040706                         0000000000000000000000000                                             000021
102021974950001161584870000003760                             82110815135      000                        1421030706                              200606000000000750010407765000000000000125647101040706              0000000000000000000000000000000000000000000000007754000000000025400000000000001040706                         0000000000000000000000000                                             000022
9201104                                                                                                                                                                                                                                                                                                                                                                                                   000023
