02RETORNO01COBRANCA       1584870000003760    IPAD                          104C ECON FEDERAL 010206                                                                                                                                                                                                                                                                                                 00134000001
102021974950001161584870000003760                             82010103133      000                        1421010206                              100106000000000750010414338000000000000240655100010206              0000000000000000000000000000000000000000000000007826000000000032600000000000001010206                         0000000000000000000000000                                             000002
102021974950001161584870000003760                             82010122146      000                        1421010206                              100206000000000750010414338000000000000125647101020206              0000000000000000000000000000000000000000000000007500000000000000000000000000001020206                         0000000000000000000000000                                             000003
102021974950001161584870000003760                             82030105131      000                        1421010206                              100106000000000750010409156000000000000240655100010206              0000000000000000000000000000000000000000000000007830000000000033000000000000001010206                         0000000000000000000000000                                             000004
102021974950001161584870000003760                             82040205155      000                        1421010206                              100206000000000430075641796000000000000270663101020206              0000000000000000000000000000000000000000000000004300000000000000000000000000001020206                         0000000000000000000000000                                             000005
102021974950001161584870000003760                             82040207158      000                        1421010206                              100206000000000430010400523000000000000125647101020206              0000000000000000000000000000000000000000000000004300000000000000000000000000001020206                         0000000000000000000000000                                             000006
102021974950001161584870000003760                             82040301154      000                        1421010206                              100206000000000360010400523000000000000125647101020206              0000000000000000000000000000000000000000000000003600000000000000000000000000001020206                         0000000000000000000000000                                             000007
102021974950001161584870000003760                             82040302150      000                        1421010206                              100206000000000360006500016000000000000270663101020206              0000000000000000000000000000000000000000000000003600000000000000000000000000001020206                         0000000000000000000000000                                             000008
102021974950001161584870000003760                             82040311150      000                        1421010206                              100206000000000360010400523000000000000125647101020206              0000000000000000000000000000000000000000000000003600000000000000000000000000001020206                         0000000000000000000000000                                             000009
102021974950001161584870000003760                             82040332157      000                        1421010206                              100206000000000360006500016000000000000270663101020206              0000000000000000000000000000000000000000000000003600000000000000000000000000001020206                         0000000000000000000000000                                             000010
102021974950001161584870000003760                             82040334150      000                        1421010206                              100206000000000360010400523000000000000125647101020206              0000000000000000000000000000000000000000000000003600000000000000000000000000001020206                         0000000000000000000000000                                             000011
102021974950001161584870000003760                             82050114152      000                        1421010206                              100206000000000400006500016000000000000270663101020206              0000000000000000000000000000000000000000000000004000000000000000000000000000001020206                         0000000000000000000000000                                             000012
102021974950001161584870000003760                             82050135150      000                        1421010206                              100206000000000400007347476000000000000270663101020206              0000000000000000000000000000000000000000000000004000000000000000000000000000001020206                         0000000000000000000000000                                             000013
102021974950001161584870000003760                             82050308143      000                        1421010206                              100106000000000860010410383000000000000125647101020206              0000000000000000000000000000000000000000000000008948000000000034800000000000001020206                         0000000000000000000000000                                             000014
102021974950001161584870000003760                             82050338115      000                        1421010206                              201205000000000750010410383000000000000125647101020206              0000000000000000000000000000000000000000000000007951000000000045100000000000001020206                         0000000000000000000000000                                             000015
102021974950001161584870000003760                             82060113159      000                        1421010206                              150106000000000860010406483000000000000125647101020206              0000000000000000000000000000000000000000000000008908000000000030800000000000001020206                         0000000000000000000000000                                             000016
102021974950001161584870000003760                             82060123154      000                        1421010206                              150106000000000860010430171000000000000240655100010206              0000000000000000000000000000000000000000000000008918000000000031800000000000001010206                         0000000000000000000000000                                             000017
102021974950001161584870000003760                             82070104152      000                        1421010206                              100206000000000860010415830000000000000125647101020206              0000000000000000000000000000000000000000000000008600000000000000000000000000001020206                         0000000000000000000000000                                             000018
102021974950001161584870000003760                             82070518143      000                        1421010206                              150106000000000860010423485000000000000240655100010206              0000000000000000000000000000000000000000000000008787000000000018700000000000001010206                         0000000000000000000000000                                             000019
102021974950001161584870000003760                             82070527150      000                        1421010206                              150206000000000860010415830000000000000125647101020206              0000000000000000000000000000000000000000000000008600000000000000000000000000001020206                         0000000000000000000000000                                             000020
102021974950001161584870000003760                             82090130159      000                        1421010206                              100206000000000750000123356000000000000270663101020206              0000000000000000000000000000000000000000000000007500000000000000000000000000001020206                         0000000000000000000000000                                             000021
102021974950001161584870000003760                             82090202141      000                        1421010206                              100106000000000750010400540000000000000125647101020206              0000000000000000000000000000000000000000000000007804000000000030400000000000001020206                         0000000000000000000000000                                             000022
102021974950001161584870000003760                             82090333157      000                        1421010206                              100206000000000750010400540000000000000125647101020206              0000000000000000000000000000000000000000000000007500000000000000000000000000001020206                         0000000000000000000000000                                             000023
102021974950001161584870000003760                             82090906149      000                        1421010206                              100106000000000375010408770000000000000125647101020206              0000000000000000000000000000000000000000000000003885000000000013500000000000001020206                         0000000000000000000000000                                             000024
102021974950001161584870000003760                             82090936137      000                        1421010206                              101205000000000375010407331000000000000125647101020206              0000000000000000000000000000000000000000000000003891000000000014100000000000001020206                         0000000000000000000000000                                             000025
102021974950001161584870000003760                             82091217150      000                        1421010206                              100206000000000750010400540000000000000125647101020206              0000000000000000000000000000000000000000000000007500000000000000000000000000001020206                         0000000000000000000000000                                             000026
102021974950001161584870000003760                             82110107149      000                        1421010206                              100206000000000750010407765000000000000125647101020206              0000000000000000000000000000000000000000000000007500000000000000000000000000001020206                         0000000000000000000000000                                             000027
102021974950001161584870000003760                             82110108145      000                        1421010206                              100206000000000750010407765000000000000125647101020206              0000000000000000000000000000000000000000000000007500000000000000000000000000001020206                         0000000000000000000000000                                             000028
102021974950001161584870000003760                             82110403139      000                        1421010206                              200106000000000750010408125000000000000125647101020206              0000000000000000000000000000000000000000000000007734000000000023400000000000001020206                         0000000000000000000000000                                             000029
102021974950001161584870000003760                             82130103165      000                        1421010206                              100206000000000860010409148000000000000125647101020206              0000000000000000000000000000000000000000000000008600000000000000000000000000001020206                         0000000000000000000000000                                             000030
102021974950001161584870000003760                             82130104161      000                        1421010206                              100206000000000860010409148000000000000125647101020206              0000000000000000000000000000000000000000000000008600000000000000000000000000001020206                         0000000000000000000000000                                             000031
102021974950001161584870000003760                             82130217160      000                        1421010206                              100206000000000860006500016000000000000270663101020206              0000000000000000000000000000000000000000000000008600000000000000000000000000001020206                         0000000000000000000000000                                             000032
102021974950001161584870000003760                             82130312163      000                        1421010206                              100206000000000860010409148000000000000125647101020206              0000000000000000000000000000000000000000000000008600000000000000000000000000001020206                         0000000000000000000000000                                             000033
102021974950001161584870000003760                             82130316169      000                        1421010206                              100206000000000860010409148000000000000125647101020206              0000000000000000000000000000000000000000000000008600000000000000000000000000001020206                         0000000000000000000000000                                             000034
9201104                                                                                                                                                                                                                                                                                                                                                                                                   000035
