02RETORNO01COBRANCA       1584870000003760    IPAD                          104C ECON FEDERAL 300106                                                                                                                                                                                                                                                                                                 00132000001
102021974950001161584870000003760                             82010209144      000                        1421300106                              100206000000000420007347476000000000000270663101310106              0000000000000000000000000000000000000000000000004200000000000000000000000000001310106                         0000000000000000000000000                                             000002
102021974950001161584870000003760                             82040414129      000                        1421300106                              231205000000000860010400523000000000000240655100300106              0000000000000000000000000000000000000000000000009114000000000051400000000000001300106                         0000000000000000000000000                                             000003
102021974950001161584870000003760                             82050201152      000                        1421300106                              100206000000000400006500016000000000000270663101310106              0000000000000000000000000000000000000000000000004000000000000000000000000000001310106                         0000000000000000000000000                                             000004
102021974950001161584870000003760                             82060203140      000                        1421300106                              100206000000000860023720336000000000000270663101310106              0000000000000000000000000000000000000000000000008600000000000000000000000000001310106                         0000000000000000000000000                                             000005
102021974950001161584870000003760                             82060216144      000                        1421300106                              100206000000000860006500016000000000000270663101310106              0000000000000000000000000000000000000000000000008600000000000000000000000000001310106                         0000000000000000000000000                                             000006
102021974950001161584870000003760                             82060218139      000                        1421300106                              100106000000000860010421911000000000000125647101310106              0000000000000000000000000000000000000000000000008932000000000033200000000000001310106                         0000000000000000000000000                                             000007
102021974950001161584870000003760                             82060320138      000                        1421300106                              150106000000000860010408761000000000000125647101310106              0000000000000000000000000000000000000000000000008901000000000030100000000000001310106                         0000000000000000000000000                                             000008
102021974950001161584870000003760                             82070208144      000                        1421300106                              100106000000000860010400485000000000000125647101310106              0000000000000000000000000000000000000000000000008926000000000032600000000000001310106                         0000000000000000000000000                                             000009
102021974950001161584870000003760                             82070310143      000                        1421300106                              150106000000000860010410308000000000000125647101310106              0000000000000000000000000000000000000000000000008901000000000030100000000000001310106                         0000000000000000000000000                                             000010
102021974950001161584870000003760                             82070329146      000                        1421300106                              150106000000000860010410308000000000000125647101310106              0000000000000000000000000000000000000000000000008901000000000030100000000000001310106                         0000000000000000000000000                                             000011
102021974950001161584870000003760                             82070413139      000                        1421300106                              151205000000000860010400450000000000000125647101310106              0000000000000000000000000000000000000000000000009168000000000056800000000000001310106                         0000000000000000000000000                                             000012
102021974950001161584870000003760                             82070413147      000                        1421300106                              150106000000000860010400450000000000000125647101310106              0000000000000000000000000000000000000000000000008901000000000030100000000000001310106                         0000000000000000000000000                                             000013
102021974950001161584870000003760                             82070424149      000                        1421300106                              150106000000000860010410308000000000000125647101310106              0000000000000000000000000000000000000000000000008901000000000030100000000000001310106                         0000000000000000000000000                                             000014
102021974950001161584870000003760                             82070504142      000                        1421300106                              150106000000000860010400450000000000000240655100300106              0000000000000000000000000000000000000000000000008901000000000030100000000000001300106                         0000000000000000000000000                                             000015
102021974950001161584870000003760                             82070513133      000                        1421300106                              151205000000000860010423485000000000000240655100300106              0000000000000000000000000000000000000000000000009168000000000056800000000000001300106                         0000000000000000000000000                                             000016
102021974950001161584870000003760                             82090410151      000                        1421300106                              100206000000000750010412424000000000000125647101310106              0000000000000000000000000000000000000000000000007500000000000000000000000000001310106                         0000000000000000000000000                                             000017
102021974950001161584870000003760                             82091002146      000                        1421300106                              100106000000000375010408770000000000000125647101310106              0000000000000000000000000000000000000000000000003900000000000015000000000000001310106                         0000000000000000000000000                                             000018
102021974950001161584870000003760                             82091213155      000                        1421300106                              100206000000000750000116726000000000000270663101310106              0000000000000000000000000000000000000000000000007500000000000000000000000000001310106                         0000000000000000000000000                                             000019
102021974950001161584870000003760                             82091214143      000                        1421300106                              100106000000000750010400540000000000000125647101310106              0000000000000000000000000000000000000000000000007776000000000027600000000000001310106                         0000000000000000000000000                                             000020
102021974950001161584870000003760                             82110212147      000                        1421300106                              100206000000000450010407765000000000000125620101310106              0000000000000000000000000000000000000000000000004500000000000000000000000000001310106                         0000000000000000000000000                                             000021
102021974950001161584870000003760                             82120104134      000                        1421300106                              101205000000000650010421245000000000000125647101310106              0000000000000000000000000000000000000000000000006936000000000043600000000000001310106                         0000000000000000000000000                                             000022
102021974950001161584870000003760                             82120133142      000                        1421300106                              100106000000000650010421245000000000000125647101310106              0000000000000000000000000000000000000000000000006750000000000025000000000000001310106                         0000000000000000000000000                                             000023
102021974950001161584870000003760                             82120134149      000                        1421300106                              100106000000000650010421245000000000000125647101310106              0000000000000000000000000000000000000000000000006750000000000025000000000000001310106                         0000000000000000000000000                                             000024
102021974950001161584870000003760                             82130210166      000                        1421300106                              100206000000000860023705866000000000000270663101310106              0000000000000000000000000000000000000000000000008600000000000000000000000000001310106                         0000000000000000000000000                                             000025
9201104                                                                                                                                                                                                                                                                                                                                                                                                   000026
