02RETORNO01COBRANCA       1584870000003760    IPAD                          104C ECON FEDERAL 040706                                                                                                                                                                                                                                                                                                 00237000001
102021974950001161584870000003760                             82000038959      000                        1421040706                              000000000000000760010412947000000000000125647101050706              0000000000000000000000000000000000000000000000007600000000000000000000000000001050706                         0000000000000000000000000                                             000002
102021974950001161584870000003760                             82000039688      000                        1421040706                              000000000000000760010405592000000000000125647101050706              0000000000000000000000000000000000000000000000007600000000000000000000000000001050706                         0000000000000000000000000                                             000003
102021974950001161584870000003760                             82000045912      000                        1421040706                              000000000000000760010400485000000000000125647101050706              0000000000000000000000000000000000000000000000007600000000000000000000000000001050706                         0000000000000000000000000                                             000004
102021974950001161584870000003760                             82000045939      000                        1421040706                              000000000000000760010430171000000000000125647101050706              0000000000000000000000000000000000000000000000007600000000000000000000000000001050706                         0000000000000000000000000                                             000005
102021974950001161584870000003760                             82030305149      000                        1421040706                              300606000000000860010409156000000000000240655100040706              0000000000000000000000000000000000000000000000008808000000000020800000000000001040706                         0000000000000000000000000                                             000006
102021974950001161584870000003760                             82030311149      000                        1421040706                              300606000000000860010409156000000000000125647101050706              0000000000000000000000000000000000000000000000008804000000000020400000000000001050706                         0000000000000000000000000                                             000007
102021974950001161584870000003760                             82030322140      000                        1421040706                              300606000000000860010409156000000000000125647101050706              0000000000000000000000000000000000000000000000008804000000000020400000000000001050706                         0000000000000000000000000                                             000008
102021974950001161584870000003760                             82030332146      000                        1421040706                              300606000000000860010409156000000000000125647101050706              0000000000000000000000000000000000000000000000008806000000000020600000000000001050706                         0000000000000000000000000                                             000009
102021974950001161584870000003760                             82030412140      000                        1421040706                              100706000000000760010407757000000000000125647101050706              0000000000000000000000000000000000000000000000007600000000000000000000000000001050706                         0000000000000000000000000                                             000010
102021974950001161584870000003760                             82030425128      000                        1421040706                              100506000000000760010407757000000000000125647101050706              0000000000000000000000000000000000000000000000008170000000000057000000000000001050706                         0000000000000000000000000                                             000011
102021974950001161584870000003760                             82030425136      000                        1421040706                              100606000000000760010407757000000000000125647101050706              0000000000000000000000000000000000000000000000007935000000000033500000000000001050706                         0000000000000000000000000                                             000012
102021974950001161584870000003760                             82030920110      000                        1421040706                              100706000000000760010407757000000000000125647101050706              0000000000000000000000000000000000000000000000007600000000000000000000000000001050706                         0000000000000000000000000                                             000013
102021974950001161584870000003760                             82070608134      000                        1421040706                              210706000000000760000107146000000000000270663101050706              0000000000000000000000000000000000000000000000007600000000000000000000000000001050706                         0000000000000000000000000                                             000014
102021974950001161584870000003760                             82070611119      000                        1421040706                              210506000000000760010410308000000000000125647101050706              0000000000000000000000000000000000000000000000008060000000000046000000000000001050706                         0000000000000000000000000                                             000015
102021974950001161584870000003760                             82070611127      000                        1421040706                              210606000000000760010410308000000000000125647101050706              0000000000000000000000000000000000000000000000007843000000000024300000000000001050706                         0000000000000000000000000                                             000016
102021974950001161584870000003760                             82070632124      000                        1421040706                              040706000000000760006500016000000000000270663101050706              0000000000000000000000000000000000000000000000007600000000000000000000000000001050706                         0000000000000000000000000                                             000017
102021974950001161584870000003760                             82090314179      000                        1421040706                              100606000000000750010400540000000000000125647101050706              0000000000000000000000000000000000000000000000007830000000000033000000000000001050706                         0000000000000000000000000                                             000018
102021974950001161584870000003760                             82090406170      000                        1421040706                              100406000000000750010400540000000000000125647101050706              0000000000000000000000000000000000000000000000008280000000000078000000000000001050706                         0000000000000000000000000                                             000019
102021974950001161584870000003760                             82110706131      000                        1421040706                              200606000000000750010407765000000000000125647101050706              0000000000000000000000000000000000000000000000007762000000000026200000000000001050706                         0000000000000000000000000                                             000020
102021974950001161584870000003760                             82110714134      000                        1421040706                              200606000000000750010407765000000000000125647101050706              0000000000000000000000000000000000000000000000007762000000000026200000000000001050706                         0000000000000000000000000                                             000021
9201104                                                                                                                                                                                                                                                                                                                                                                                                   000022
