02RETORNO01COBRANCA       1584870000003760    IPAD                          104C ECON FEDERAL 310107                                                                                                                                                                                                                                                                                                 00381000001
102021974950001161584870000003760                             82030702148      000                        1421310107                              101106000000000760010409148000000000000125647101010207              0000000000000000000000000000000000000000000000007813000000000021300000000000001010207                         0000000000000000000000000                                             000002
102021974950001161584870000003760                             82030702156      000                        1421310107                              101206000000000760010409148000000000000125647101010207              0000000000000000000000000000000000000000000000007790000000000019000000000000001010207                         0000000000000000000000000                                             000003
102021974950001161584870000003760                             82030702164      000                        1421310107                              100107000000000760010409148000000000000125647101010207              0000000000000000000000000000000000000000000000007767000000000016700000000000001010207                         0000000000000000000000000                                             000004
102021974950001161584870000003760                             82030702172      000                        1421310107                              100207000000000760010409148000000000000125647101010207              0000000000000000000000000000000000000000000000007600000000000000000000000000001010207                         0000000000000000000000000                                             000005
102021974950001161584870000003760                             82030917160      000                        1421310107                              101206000000000760010407757000000000000125647101010207              0000000000000000000000000000000000000000000000008147000000000054700000000000001010207                         0000000000000000000000000                                             000006
102021974950001161584870000003760                             82030926160      000                        1421310107                              101206000000000760010407757000000000000125647101010207              0000000000000000000000000000000000000000000000008147000000000054700000000000001010207                         0000000000000000000000000                                             000007
102021974950001161584870000003760                             82031005122      000                        1421310107                              300107000000000760010400523000000000000125647101010207              0000000000000000000000000000000000000000000000007754000000000015400000000000001010207                         0000000000000000000000000                                             000008
102021974950001161584870000003760                             82031008121      000                        1421310107                              300107000000000760010400523000000000000125647101010207              0000000000000000000000000000000000000000000000007754000000000015400000000000001010207                         0000000000000000000000000                                             000009
102021974950001161584870000003760                             82071203162      000                        1421310107                              101206000000000760010410308000000000000125647101010207              0000000000000000000000000000000000000000000000007804000000000020400000000000001010207                         0000000000000000000000000                                             000010
102021974950001161584870000003760                             82071421127      000                        1421310107                              310107000000000760010421245000000000000125647101010207              0000000000000000000000000000000000000000000000007600000000000000000000000000001010207                         0000000000000000000000000                                             000011
102021974950001161584870000003760                             82071422123      000                        1421310107                              310107000000000760023721166000000000000270663101010207              0000000000000000000000000000000000000000000000007600000000000000000000000000001010207                         0000000000000000000000000                                             000012
9201104                                                                                                                                                                                                                                                                                                                                                                                                   000013
