02RETORNO01COBRANCA       1584870000003760    IPAD                          104C ECON FEDERAL 040406                                                                                                                                                                                                                                                                                                 00176000001
102021974950001161584870000003760                             82010206161      000                        1421040406                              100406000000000420023725426000000000000270663101050406              0000000000000000000000000000000000000000000000004200000000000000000000000000001050406                         0000000000000000000000000                                             000002
102021974950001161584870000003760                             82040204175      000                        1421040406                              100406000000000860010400523000000000000125647101050406              0000000000000000000000000000000000000000000000008600000000000000000000000000001050406                         0000000000000000000000000                                             000003
102021974950001161584870000003760                             82040206178      000                        1421040406                              100406000000000430006500016000000000000270663101050406              0000000000000000000000000000000000000000000000004300000000000000000000000000001050406                         0000000000000000000000000                                             000004
102021974950001161584870000003760                             82040211171      000                        1421040406                              100406000000000430023732126000000000000270663101050406              0000000000000000000000000000000000000000000000004300000000000000000000000000001050406                         0000000000000000000000000                                             000005
102021974950001161584870000003760                             82040215177      000                        1421040406                              100406000000000430010400523000000000000125647101050406              0000000000000000000000000000000000000000000000004300000000000000000000000000001050406                         0000000000000000000000000                                             000006
102021974950001161584870000003760                             82040217170      000                        1421040406                              000000000000000430039928996000000000000270663101050406              0000000000000000000000000000000000000000000000004300000000000000000000000000001050406                         0000000000000000000000000                                             000007
102021974950001161584870000003760                             82040226179      000                        1421040406                              100406000000000430010400523000000000000125647101050406              0000000000000000000000000000000000000000000000004300000000000000000000000000001050406                         0000000000000000000000000                                             000008
102021974950001161584870000003760                             82040228171      000                        1421040406                              100406000000000430010400523000000000000125647101050406              0000000000000000000000000000000000000000000000004300000000000000000000000000001050406                         0000000000000000000000000                                             000009
102021974950001161584870000003760                             82040236174      000                        1421040406                              100406000000000860010400523000000000000125647101050406              0000000000000000000000000000000000000000000000008600000000000000000000000000001050406                         0000000000000000000000000                                             000010
102021974950001161584870000003760                             82040436173      000                        1421040406                              100406000000000860000125646000000000000270663101050406              0000000000000000000000000000000000000000000000008600000000000000000000000000001050406                         0000000000000000000000000                                             000011
102021974950001161584870000003760                             82040512171      000                        1421040406                              100406000000000860010400523000000000000125647101050406              0000000000000000000000000000000000000000000000008600000000000000000000000000001050406                         0000000000000000000000000                                             000012
102021974950001161584870000003760                             82040531168      000                        1421040406                              100306000000000860010400523000000000000125647101050406              0000000000000000000000000000000000000000000000008972000000000037200000000000001050406                         0000000000000000000000000                                             000013
102021974950001161584870000003760                             82050120179      000                        1421040406                              100406000000000400006500016000000000000270663101050406              0000000000000000000000000000000000000000000000004000000000000000000000000000001050406                         0000000000000000000000000                                             000014
102021974950001161584870000003760                             82050126177      000                        1421040406                              100406000000000400006500016000000000000270663101050406              0000000000000000000000000000000000000000000000004000000000000000000000000000001050406                         0000000000000000000000000                                             000015
102021974950001161584870000003760                             82050136172      000                        1421040406                              100406000000000400006500016000000000000270663101050406              0000000000000000000000000000000000000000000000004000000000000000000000000000001050406                         0000000000000000000000000                                             000016
102021974950001161584870000003760                             82050311160      000                        1421040406                              100306000000000860010427782000000000000125647101050406              0000000000000000000000000000000000000000000000008987000000000038700000000000001050406                         0000000000000000000000000                                             000017
102021974950001161584870000003760                             82050314160      000                        1421040406                              100306000000000860010427782000000000000125647101050406              0000000000000000000000000000000000000000000000008987000000000038700000000000001050406                         0000000000000000000000000                                             000018
102021974950001161584870000003760                             82050321158      000                        1421040406                              100206000000000860010427782000000000000125647101050406              0000000000000000000000000000000000000000000000009228000000000062800000000000001050406                         0000000000000000000000000                                             000019
102021974950001161584870000003760                             82050321166      000                        1421040406                              100306000000000860010427782000000000000125647101050406              0000000000000000000000000000000000000000000000008987000000000038700000000000001050406                         0000000000000000000000000                                             000020
102021974950001161584870000003760                             82050323150      000                        1421040406                              100206000000000860010427782000000000000125647101050406              0000000000000000000000000000000000000000000000009228000000000062800000000000001050406                         0000000000000000000000000                                             000021
102021974950001161584870000003760                             82050323169      000                        1421040406                              100306000000000860010427782000000000000125647101050406              0000000000000000000000000000000000000000000000008987000000000038700000000000001050406                         0000000000000000000000000                                             000022
102021974950001161584870000003760                             82060303152      000                        1421040406                              150306000000000860010408761000000000000125647101050406              0000000000000000000000000000000000000000000000008944000000000034400000000000001050406                         0000000000000000000000000                                             000023
102021974950001161584870000003760                             82070114174      000                        1421040406                              100406000000000860035601326000000000000270663101050406              0000000000000000000000000000000000000000000000008600000000000000000000000000001050406                         0000000000000000000000000                                             000024
102021974950001161584870000003760                             82070205161      000                        1421040406                              100306000000000860010400450000000000000125647101050406              0000000000000000000000000000000000000000000000008980000000000038000000000000001050406                         0000000000000000000000000                                             000025
102021974950001161584870000003760                             82070326171      000                        1421040406                              150406000000000860006500016000000000000270663101050406              0000000000000000000000000000000000000000000000008600000000000000000000000000001050406                         0000000000000000000000000                                             000026
102021974950001161584870000003760                             82070509179      000                        1421040406                              000000000000000860040975226000000000000270663101050406              0000000000000000000000000000000000000000000000008600000000000000000000000000001050406                         0000000000000000000000000                                             000027
102021974950001161584870000003760                             82090413142      000                        1421040406                              100106000000000750010400540000000000000125647101050406              0000000000000000000000000000000000000000000000008238000000000073800000000000001050406                         0000000000000000000000000                                             000028
102021974950001161584870000003760                             82090825157      000                        1421040406                              100406000000000450010408770000000000000125647101050406              0000000000000000000000000000000000000000000000004500000000000000000000000000001050406                         0000000000000000000000000                                             000029
102021974950001161584870000003760                             82091115170      000                        1421040406                              100406000000000750010408770000000000000125647101050406              0000000000000000000000000000000000000000000000007500000000000000000000000000001050406                         0000000000000000000000000                                             000030
102021974950001161584870000003760                             82091201165      000                        1421040406                              100306000000000750010400540000000000000125647101050406              0000000000000000000000000000000000000000000000007825000000000032500000000000001050406                         0000000000000000000000000                                             000031
102021974950001161584870000003760                             82091211160      000                        1421040406                              100306000000000750010400540000000000000125647101050406              0000000000000000000000000000000000000000000000007825000000000032500000000000001050406                         0000000000000000000000000                                             000032
102021974950001161584870000003760                             82110126151      000                        1421040406                              100306000000000750010407765000000000000125647101050406              0000000000000000000000000000000000000000000000007669000000000016900000000000001050406                         0000000000000000000000000                                             000033
102021974950001161584870000003760                             82110221162      000                        1421040406                              100406000000000450010407765000000000000125620101050406              0000000000000000000000000000000000000000000000004500000000000000000000000000001050406                         0000000000000000000000000                                             000034
9201104                                                                                                                                                                                                                                                                                                                                                                                                   000035
