02RETORNO01COBRANCA       1584870000003760    IPAD                          104C ECON FEDERAL 021205                                                                                                                                                                                                                                                                                                 00092000001
102021974950001161584870000003760                             82040112130      000                        1421021205                              101205000000000430000110126000000000000270663101051205              0000000000000000000000000000000000000000000000004300000000000000000000000000001051205                         0000000000000000000000000                                             000002
102021974950001161584870000003760                             82040203136      000                        1421021205                              101205000000000430010400523000000000000125647101051205              0000000000000000000000000000000000000000000000004300000000000000000000000000001051205                         0000000000000000000000000                                             000003
102021974950001161584870000003760                             82040206135      000                        1421021205                              101205000000000430010400523000000000000125647101051205              0000000000000000000000000000000000000000000000004300000000000000000000000000001051205                         0000000000000000000000000                                             000004
102021974950001161584870000003760                             82040207131      000                        1421021205                              101205000000000430010400523000000000000125647101051205              0000000000000000000000000000000000000000000000004300000000000000000000000000001051205                         0000000000000000000000000                                             000005
102021974950001161584870000003760                             82040224133      000                        1421021205                              101205000000000430010400523000000000000125647101051205              0000000000000000000000000000000000000000000000004300000000000000000000000000001051205                         0000000000000000000000000                                             000006
102021974950001161584870000003760                             82040225130      000                        1421021205                              101205000000000430010400523000000000000125647101051205              0000000000000000000000000000000000000000000000004300000000000000000000000000001051205                         0000000000000000000000000                                             000007
102021974950001161584870000003760                             82040226136      000                        1421021205                              101205000000000430010400523000000000000125647101051205              0000000000000000000000000000000000000000000000004300000000000000000000000000001051205                         0000000000000000000000000                                             000008
102021974950001161584870000003760                             82040229135      000                        1421021205                              101205000000000430010400523000000000000125647101051205              0000000000000000000000000000000000000000000000004300000000000000000000000000001051205                         0000000000000000000000000                                             000009
102021974950001161584870000003760                             82040430132      000                        1421021205                              000000000000000860039928996000000000000270663101051205              0000000000000000000000000000000000000000000000008600000000000000000000000000001051205                         0000000000000000000000000                                             000010
102021974950001161584870000003760                             82040503130      000                        1421021205                              101205000000000860075641796000000000000270663101051205              0000000000000000000000000000000000000000000000008600000000000000000000000000001051205                         0000000000000000000000000                                             000011
102021974950001161584870000003760                             82050134137      000                        1421021205                              101205000000000400006500016000000000000270663101051205              0000000000000000000000000000000000000000000000004000000000000000000000000000001051205                         0000000000000000000000000                                             000012
102021974950001161584870000003760                             82050207134      000                        1421021205                              101205000000000400006500016000000000000270663101051205              0000000000000000000000000000000000000000000000004000000000000000000000000000001051205                         0000000000000000000000000                                             000013
102021974950001161584870000003760                             82060103145      000                        1421021205                              151205000000000860006500016000000000000270663101051205              0000000000000000000000000000000000000000000000008600000000000000000000000000001051205                         0000000000000000000000000                                             000014
102021974950001161584870000003760                             82060108147      000                        1421021205                              151205000000000860010430171000000000000125647101051205              0000000000000000000000000000000000000000000000008600000000000000000000000000001051205                         0000000000000000000000000                                             000015
102021974950001161584870000003760                             82070107127      000                        1421021205                              101105000000000860010400469000000000000125647101051205              0000000000000000000000000000000000000000000000008961000000000036100000000000001051205                         0000000000000000000000000                                             000016
102021974950001161584870000003760                             82070318128      000                        1421021205                              151105000000000860010412947000000000000125647101051205              0000000000000000000000000000000000000000000000008918000000000031800000000000001051205                         0000000000000000000000000                                             000017
102021974950001161584870000003760                             82090115133      000                        1421021205                              101205000000000750010400540000000000000125647101051205              0000000000000000000000000000000000000000000000007500000000000000000000000000001051205                         0000000000000000000000000                                             000018
102021974950001161584870000003760                             82090116130      000                        1421021205                              101205000000000750010400540000000000000125647101051205              0000000000000000000000000000000000000000000000007500000000000000000000000000001051205                         0000000000000000000000000                                             000019
102021974950001161584870000003760                             82090513171      000                        1421021205                              100406000000000375010408770000000000000125647101051205              0000000000000000000000000000000000000000000000003750000000000000000000000000001051205                         0000000000000000000000000                                             000020
102021974950001161584870000003760                             82090906130      000                        1421021205                              101205000000000375010408770000000000000125647101051205              0000000000000000000000000000000000000000000000003750000000000000000000000000001051205                         0000000000000000000000000                                             000021
102021974950001161584870000003760                             82091210130      000                        1421021205                              101205000000000750010400540000000000000125647101051205              0000000000000000000000000000000000000000000000007500000000000000000000000000001051205                         0000000000000000000000000                                             000022
102021974950001161584870000003760                             82120110134      000                        1421021205                              101205000000000650010421245000000000000125647101051205              0000000000000000000000000000000000000000000000006500000000000000000000000000001051205                         0000000000000000000000000                                             000023
102021974950001161584870000003760                             82120118135      000                        1421021205                              101205000000000650010421245000000000000125647101051205              0000000000000000000000000000000000000000000000006500000000000000000000000000001051205                         0000000000000000000000000                                             000024
102021974950001161584870000003760                             82130217144      000                        1421021205                              101205000000000860006500016000000000000270663101051205              0000000000000000000000000000000000000000000000008600000000000000000000000000001051205                         0000000000000000000000000                                             000025
9201104                                                                                                                                                                                                                                                                                                                                                                                                   000026
