02RETORNO01COBRANCA       1584870000003760    IPAD                          104C ECON FEDERAL 030107                                                                                                                                                                                                                                                                                                 00361000001
102021974950001161584870000003760                             82030204164      000                        1421030107                              101106000000000760010409156000000000000240655100030107              0000000000000000000000000000000000000000000000008184000000000058400000000000001030107                         0000000000000000000000000                                             000002
102021974950001161584870000003760                             82030204172      000                        1421030107                              101206000000000760010409156000000000000240655100030107              0000000000000000000000000000000000000000000000007944000000000034400000000000001030107                         0000000000000000000000000                                             000003
102021974950001161584870000003760                             82030327177      000                        1421030107                              300906000000000860010409156000000000000125647101040107              0000000000000000000000000000000000000000000000009589000000000098900000000000001040107                         0000000000000000000000000                                             000004
102021974950001161584870000003760                             82030502173      000                        1421030107                              150107000000000760010409156000000000000125620101040107              0000000000000000000000000000000000000000000000007600000000000000000000000000001040107                         0000000000000000000000000                                             000005
102021974950001161584870000003760                             82030518142      000                        1421030107                              151006000000000760010409148000000000000125647101040107              0000000000000000000000000000000000000000000000008352000000000075200000000000001040107                         0000000000000000000000000                                             000006
102021974950001161584870000003760                             82030518150      000                        1421030107                              151106000000000760010409148000000000000125647101040107              0000000000000000000000000000000000000000000000008124000000000052400000000000001040107                         0000000000000000000000000                                             000007
102021974950001161584870000003760                             82030519173      000                        1421030107                              150107000000000760010409148000000000000125620101040107              0000000000000000000000000000000000000000000000007600000000000000000000000000001040107                         0000000000000000000000000                                             000008
102021974950001161584870000003760                             82030556168      000                        1421030107                              151206000000000760010409148000000000000125647101040107              0000000000000000000000000000000000000000000000007896000000000029600000000000001040107                         0000000000000000000000000                                             000009
102021974950001161584870000003760                             82030907173      000                        1421030107                              100107000000000760010407757000000000000125647101040107              0000000000000000000000000000000000000000000000007600000000000000000000000000001040107                         0000000000000000000000000                                             000010
102021974950001161584870000003760                             82030914161      000                        1421030107                              101206000000000760010407757000000000000125647101040107              0000000000000000000000000000000000000000000000007934000000000033400000000000001040107                         0000000000000000000000000                                             000011
102021974950001161584870000003760                             82030927166      000                        1421030107                              101206000000000760010407757000000000000125647101040107              0000000000000000000000000000000000000000000000007932000000000033200000000000001040107                         0000000000000000000000000                                             000012
102021974950001161584870000003760                             82030927174      000                        1421030107                              100107000000000760010407757000000000000125647101040107              0000000000000000000000000000000000000000000000007600000000000000000000000000001040107                         0000000000000000000000000                                             000013
102021974950001161584870000003760                             82031016116      000                        1421030107                              301206000000000760010400523000000000000125647101040107              0000000000000000000000000000000000000000000000007600000000000000000000000000001040107                         0000000000000000000000000                                             000014
102021974950001161584870000003760                             82060904172      000                        1421030107                              100107000000000760010406513000000000000125647101040107              0000000000000000000000000000000000000000000000007600000000000000000000000000001040107                         0000000000000000000000000                                             000015
102021974950001161584870000003760                             82060913171      000                        1421030107                              100107000000000760010400450000000000000125647101040107              0000000000000000000000000000000000000000000000007600000000000000000000000000001040107                         0000000000000000000000000                                             000016
102021974950001161584870000003760                             82061014111      000                        1421030107                              151206000000000760010400540000000000000125647101040107              0000000000000000000000000000000000000000000000007885000000000028500000000000001040107                         0000000000000000000000000                                             000017
102021974950001161584870000003760                             82071231174      000                        1421030107                              100107000000000760006500016000000000000270663101040107              0000000000000000000000000000000000000000000000007600000000000000000000000000001040107                         0000000000000000000000000                                             000018
102021974950001161584870000003760                             82110710171      000                        1421030107                              201006000000000750010407765000000000000125647101040107              0000000000000000000000000000000000000000000000008250000000000075000000000000001040107                         0000000000000000000000000                                             000019
102021974950001161584870000003760                             82130403142      000                        1421030107                              100107000000000760010409148000000000000125620101040107              0000000000000000000000000000000000000000000000007600000000000000000000000000001040107                         0000000000000000000000000                                             000020
102021974950001161584870000003760                             82130415140      000                        1421030107                              100107000000000760006500016000000000000270663101040107              0000000000000000000000000000000000000000000000007600000000000000000000000000001040107                         0000000000000000000000000                                             000021
9201104                                                                                                                                                                                                                                                                                                                                                                                                   000022
