02RETORNO01COBRANCA       1584870000003760    IPAD                          104C ECON FEDERAL 041006                                                                                                                                                                                                                                                                                                 00302000001
102021974950001161584870000003760                             82000048822      000                        1421041006                              000000000000000760010407765000000000000125647101051006              0000000000000000000000000000000000000000000000007600000000000000000000000000001051006                         0000000000000000000000000                                             000002
102021974950001161584870000003760                             82000049683      000                        1421041006                              000000000000000760000110696000000000000270663101051006              0000000000000000000000000000000000000000000000007600000000000000000000000000001051006                         0000000000000000000000000                                             000003
102021974950001161584870000003760                             82010306158      000                        1421041006                              101006000000000660010409148000000000000125647101051006              0000000000000000000000000000000000000000000000006600000000000000000000000000001051006                         0000000000000000000000000                                             000004
102021974950001161584870000003760                             82010307154      000                        1421041006                              101006000000000660006500016000000000000270663101051006              0000000000000000000000000000000000000000000000006600000000000000000000000000001051006                         0000000000000000000000000                                             000005
102021974950001161584870000003760                             82010315157      000                        1421041006                              101006000000000660000110606000000000000270663101051006              0000000000000000000000000000000000000000000000006600000000000000000000000000001051006                         0000000000000000000000000                                             000006
102021974950001161584870000003760                             82030229159      000                        1421041006                              000000000000000760039928996000000000000270663101051006              0000000000000000000000000000000000000000000000007600000000000000000000000000001051006                         0000000000000000000000000                                             000007
102021974950001161584870000003760                             82030324178      000                        1421041006                              300906000000000860010409156000000000000125647101051006              0000000000000000000000000000000000000000000000008804000000000020400000000000001051006                         0000000000000000000000000                                             000008
102021974950001161584870000003760                             82030413170      000                        1421041006                              101006000000000760010407757000000000000125647101051006              0000000000000000000000000000000000000000000000007600000000000000000000000000001051006                         0000000000000000000000000                                             000009
102021974950001161584870000003760                             82030421173      000                        1421041006                              101006000000000760010407757000000000000125647101051006              0000000000000000000000000000000000000000000000007600000000000000000000000000001051006                         0000000000000000000000000                                             000010
102021974950001161584870000003760                             82030515135      000                        1421041006                              150906000000000760010400469000000000000125647101051006              0000000000000000000000000000000000000000000000007886000000000028600000000000001051006                         0000000000000000000000000                                             000011
102021974950001161584870000003760                             82030552146      000                        1421041006                              151006000000000760006500016000000000000270663101051006              0000000000000000000000000000000000000000000000007600000000000000000000000000001051006                         0000000000000000000000000                                             000012
102021974950001161584870000003760                             82060506126      000                        1421041006                              100806000000000760010409237000000000000125647101051006              0000000000000000000000000000000000000000000000008137000000000053700000000000001051006                         0000000000000000000000000                                             000013
102021974950001161584870000003760                             82060909123      000                        1421041006                              000000000000000760039928996000000000000270663101051006              0000000000000000000000000000000000000000000000007600000000000000000000000000001051006                         0000000000000000000000000                                             000014
102021974950001161584870000003760                             82070622145      000                        1421041006                              210906000000000760010405592000000000000125647101051006              0000000000000000000000000000000000000000000000007843000000000024300000000000001051006                         0000000000000000000000000                                             000015
102021974950001161584870000003760                             82070726145      000                        1421041006                              201006000000000760006500016000000000000270663101051006              0000000000000000000000000000000000000000000000007600000000000000000000000000001051006                         0000000000000000000000000                                             000016
102021974950001161584870000003760                             82071222140      000                        1421041006                              000000000000000760039928996000000000000270663101051006              0000000000000000000000000000000000000000000000007600000000000000000000000000001051006                         0000000000000000000000000                                             000017
102021974950001161584870000003760                             82071225131      000                        1421041006                              100906000000000760010400450000000000000125647101051006              0000000000000000000000000000000000000000000000007934000000000033400000000000001051006                         0000000000000000000000000                                             000018
102021974950001161584870000003760                             82110403163      000                        1421041006                              250906000000000750010408125000000000000125647101051006              0000000000000000000000000000000000000000000000007713000000000021300000000000001051006                         0000000000000000000000000                                             000019
102021974950001161584870000003760                             82110403171      000                        1421041006                              250906000000000750010408125000000000000125647101051006              0000000000000000000000000000000000000000000000007713000000000021300000000000001051006                         0000000000000000000000000                                             000020
102021974950001161584870000003760                             82110635153      000                        1421041006                              200906000000000750010407765000000000000125647101051006              0000000000000000000000000000000000000000000000007755000000000025500000000000001051006                         0000000000000000000000000                                             000021
102021974950001161584870000003760                             82130418115      000                        1421041006                              101006000000000760023705866000000000000270663101051006              0000000000000000000000000000000000000000000000007600000000000000000000000000001051006                         0000000000000000000000000                                             000022
102021974950001161584870000003760                             82130431111      000                        1421041006                              101006000000000760010409148000000000000125647101051006              0000000000000000000000000000000000000000000000007600000000000000000000000000001051006                         0000000000000000000000000                                             000023
9201104                                                                                                                                                                                                                                                                                                                                                                                                   000024
