02RETORNO01COBRANCA       1584870000003760    IPAD                          104C ECON FEDERAL 050706                                                                                                                                                                                                                                                                                                 00238000001
102021974950001161584870000003760                             82010310120      000                        1421050706                              100706000000000660000110606000000000000270663101060706              0000000000000000000000000000000000000000000000006600000000000000000000000000001060706                         0000000000000000000000000                                             000002
102021974950001161584870000003760                             82010319128      000                        1421050706                              100706000000000660006500016000000000000270663101060706              0000000000000000000000000000000000000000000000006600000000000000000000000000001060706                         0000000000000000000000000                                             000003
102021974950001161584870000003760                             82030222120      000                        1421050706                              100706000000000760010409156000000000000125647101060706              0000000000000000000000000000000000000000000000007600000000000000000000000000001060706                         0000000000000000000000000                                             000004
102021974950001161584870000003760                             82030228110      000                        1421050706                              100606000000000760010409156000000000000125647101060706              0000000000000000000000000000000000000000000000007600000000000000000000000000001060706                         0000000000000000000000000                                             000005
102021974950001161584870000003760                             82030228128      000                        1421050706                              000000000000000760039928996000000000000270663101060706              0000000000000000000000000000000000000000000000007600000000000000000000000000001060706                         0000000000000000000000000                                             000006
102021974950001161584870000003760                             82030229124      000                        1421050706                              000000000000000760039928996000000000000270663101060706              0000000000000000000000000000000000000000000000007600000000000000000000000000001060706                         0000000000000000000000000                                             000007
102021974950001161584870000003760                             82030408142      000                        1421050706                              100706000000000760010407757000000000000125647101060706              0000000000000000000000000000000000000000000000007600000000000000000000000000001060706                         0000000000000000000000000                                             000008
102021974950001161584870000003760                             82030928111      000                        1421050706                              100706000000000760010407757000000000000125647101060706              0000000000000000000000000000000000000000000000007600000000000000000000000000001060706                         0000000000000000000000000                                             000009
102021974950001161584870000003760                             82070613111      000                        1421050706                              210506000000000760010405592000000000000125647101060706              0000000000000000000000000000000000000000000000007858000000000025800000000000001060706                         0000000000000000000000000                                             000010
9201104                                                                                                                                                                                                                                                                                                                                                                                                   000011
