02RETORNO01COBRANCA       1584870000003760    IPAD                          104C ECON FEDERAL 050106                                                                                                                                                                                                                                                                                                 00115000001
102021974950001161584870000003760                             82010208130      000                        1421050106                              100106000000000420000117546000000000000270663101060106              0000000000000000000000000000000000000000000000004200000000000000000000000000001060106                         0000000000000000000000000                                             000002
102021974950001161584870000003760                             82010217139      000                        1421050106                              100106000000000420007347476000000000000270663101060106              0000000000000000000000000000000000000000000000004200000000000000000000000000001060106                         0000000000000000000000000                                             000003
102021974950001161584870000003760                             82010225131      000                        1421050106                              100106000000000420000110606000000000000270663101060106              0000000000000000000000000000000000000000000000004200000000000000000000000000001060106                         0000000000000000000000000                                             000004
102021974950001161584870000003760                             82030103139      000                        1421050106                              100106000000000750010424465000000000000125647101060106              0000000000000000000000000000000000000000000000007500000000000000000000000000001060106                         0000000000000000000000000                                             000005
102021974950001161584870000003760                             82040110146      000                        1421050106                              100106000000000430075641796000000000000270663101060106              0000000000000000000000000000000000000000000000004300000000000000000000000000001060106                         0000000000000000000000000                                             000006
102021974950001161584870000003760                             82040111142      000                        1421050106                              100106000000000430075641796000000000000270663101060106              0000000000000000000000000000000000000000000000004300000000000000000000000000001060106                         0000000000000000000000000                                             000007
102021974950001161584870000003760                             82040119143      000                        1421050106                              100106000000000430075641796000000000000270663101060106              0000000000000000000000000000000000000000000000004300000000000000000000000000001060106                         0000000000000000000000000                                             000008
102021974950001161584870000003760                             82040122144      000                        1421050106                              100106000000000430010400523000000000000125647101060106              0000000000000000000000000000000000000000000000004300000000000000000000000000001060106                         0000000000000000000000000                                             000009
102021974950001161584870000003760                             82040201141      000                        1421050106                              100106000000000430010400523000000000000125647101060106              0000000000000000000000000000000000000000000000004300000000000000000000000000001060106                         0000000000000000000000000                                             000010
102021974950001161584870000003760                             82040202148      000                        1421050106                              100106000000000430010400523000000000000125647101060106              0000000000000000000000000000000000000000000000004300000000000000000000000000001060106                         0000000000000000000000000                                             000011
102021974950001161584870000003760                             82040204140      000                        1421050106                              100106000000000860010400523000000000000125647101060106              0000000000000000000000000000000000000000000000008600000000000000000000000000001060106                         0000000000000000000000000                                             000012
102021974950001161584870000003760                             82040217145      000                        1421050106                              100106000000000430075641796000000000000270663101060106              0000000000000000000000000000000000000000000000004300000000000000000000000000001060106                         0000000000000000000000000                                             000013
102021974950001161584870000003760                             82040237146      000                        1421050106                              100106000000000860010400523000000000000125647101060106              0000000000000000000000000000000000000000000000008600000000000000000000000000001060106                         0000000000000000000000000                                             000014
102021974950001161584870000003760                             82040309147      000                        1421050106                              100106000000000360006500016000000000000270663101060106              0000000000000000000000000000000000000000000000003600000000000000000000000000001060106                         0000000000000000000000000                                             000015
102021974950001161584870000003760                             82040315147      000                        1421050106                              100106000000000360006500016000000000000270663101060106              0000000000000000000000000000000000000000000000003600000000000000000000000000001060106                         0000000000000000000000000                                             000016
102021974950001161584870000003760                             82040335148      000                        1421050106                              100106000000000360006500016000000000000270663101060106              0000000000000000000000000000000000000000000000003600000000000000000000000000001060106                         0000000000000000000000000                                             000017
102021974950001161584870000003760                             82040410140      000                        1421050106                              100106000000000860010400523000000000000125620101060106              0000000000000000000000000000000000000000000000008600000000000000000000000000001060106                         0000000000000000000000000                                             000018
102021974950001161584870000003760                             82040422148      000                        1421050106                              100106000000000860010400523000000000000125620101060106              0000000000000000000000000000000000000000000000008600000000000000000000000000001060106                         0000000000000000000000000                                             000019
102021974950001161584870000003760                             82040427140      000                        1421050106                              100106000000000860010400523000000000000125647101060106              0000000000000000000000000000000000000000000000008600000000000000000000000000001060106                         0000000000000000000000000                                             000020
102021974950001161584870000003760                             82040430140      000                        1421050106                              000000000000000860039928996000000000000270663101060106              0000000000000000000000000000000000000000000000008600000000000000000000000000001060106                         0000000000000000000000000                                             000021
102021974950001161584870000003760                             82040512147      000                        1421050106                              000000000000000860039928996000000000000270663101060106              0000000000000000000000000000000000000000000000008600000000000000000000000000001060106                         0000000000000000000000000                                             000022
102021974950001161584870000003760                             82050114144      000                        1421050106                              100106000000000400010412955000000000000125647101060106              0000000000000000000000000000000000000000000000004000000000000000000000000000001060106                         0000000000000000000000000                                             000023
102021974950001161584870000003760                             82050124140      000                        1421050106                              100106000000000400010400531000000000000125647101060106              0000000000000000000000000000000000000000000000004000000000000000000000000000001060106                         0000000000000000000000000                                             000024
102021974950001161584870000003760                             82060314138      000                        1421050106                              150106000000000860075641796000000000000270663101060106              0000000000000000000000000000000000000000000000008600000000000000000000000000001060106                         0000000000000000000000000                                             000025
102021974950001161584870000003760                             82070507125      000                        1421050106                              151105000000000860010409172000000000000125647101060106              0000000000000000000000000000000000000000000000009210000000000061000000000000001060106                         0000000000000000000000000                                             000026
102021974950001161584870000003760                             82090130140      000                        1421050106                              100106000000000750000123356000000000000270663101060106              0000000000000000000000000000000000000000000000007500000000000000000000000000001060106                         0000000000000000000000000                                             000027
102021974950001161584870000003760                             82090423148      000                        1421050106                              100106000000000750075641796000000000000270663101060106              0000000000000000000000000000000000000000000000007500000000000000000000000000001060106                         0000000000000000000000000                                             000028
102021974950001161584870000003760                             82090428140      000                        1421050106                              100106000000000750010400540000000000000125647101060106              0000000000000000000000000000000000000000000000007500000000000000000000000000001060106                         0000000000000000000000000                                             000029
102021974950001161584870000003760                             82090924147      000                        1421050106                              100106000000000375010408770000000000000125647101060106              0000000000000000000000000000000000000000000000003750000000000000000000000000001060106                         0000000000000000000000000                                             000030
102021974950001161584870000003760                             82091115145      000                        1421050106                              100106000000000750010408770000000000000125647101060106              0000000000000000000000000000000000000000000000007500000000000000000000000000001060106                         0000000000000000000000000                                             000031
102021974950001161584870000003760                             82110104131      000                        1421050106                              100106000000000750023736606000000000000270663101060106              0000000000000000000000000000000000000000000000007500000000000000000000000000001060106                         0000000000000000000000000                                             000032
102021974950001161584870000003760                             82110104140      000                        1421050106                              100206000000000750023736606000000000000270663101060106              0000000000000000000000000000000000000000000000007500000000000000000000000000001060106                         0000000000000000000000000                                             000033
102021974950001161584870000003760                             82110104158      000                        1421050106                              100306000000000750023736606000000000000270663101060106              0000000000000000000000000000000000000000000000007500000000000000000000000000001060106                         0000000000000000000000000                                             000034
102021974950001161584870000003760                             82110104166      000                        1421050106                              100406000000000750023736606000000000000270663101060106              0000000000000000000000000000000000000000000000007500000000000000000000000000001060106                         0000000000000000000000000                                             000035
102021974950001161584870000003760                             82110104174      000                        1421050106                              100506000000000750023736606000000000000270663101060106              0000000000000000000000000000000000000000000000007500000000000000000000000000001060106                         0000000000000000000000000                                             000036
102021974950001161584870000003760                             82110223130      000                        1421050106                              100106000000000450010407765000000000000125620101060106              0000000000000000000000000000000000000000000000004500000000000000000000000000001060106                         0000000000000000000000000                                             000037
102021974950001161584870000003760                             82120105130      000                        1421050106                              101205000000000650010421245000000000000125647101060106              0000000000000000000000000000000000000000000000006813000000000031300000000000001060106                         0000000000000000000000000                                             000038
102021974950001161584870000003760                             82130128150      000                        1421050106                              100106000000000860010409148000000000000125647101060106              0000000000000000000000000000000000000000000000008600000000000000000000000000001060106                         0000000000000000000000000                                             000039
102021974950001161584870000003760                             82130218140      000                        1421050106                              101205000000000860010409148000000000000125647101060106              0000000000000000000000000000000000000000000000008995000000000039500000000000001060106                         0000000000000000000000000                                             000040
9201104                                                                                                                                                                                                                                                                                                                                                                                                   000041
