02RETORNO01COBRANCA       1584870000003760    IPAD                          104C ECON FEDERAL 051206                                                                                                                                                                                                                                                                                                 00343000001
102021974950001161584870000003760                             82030206167      000                        1421051206                              101106000000000760010409156000000000000125647101061206              0000000000000000000000000000000000000000000000007952000000000035200000000000001061206                         0000000000000000000000000                                             000002
102021974950001161584870000003760                             82030206175      000                        1421051206                              101206000000000760010409156000000000000125647101061206              0000000000000000000000000000000000000000000000007600000000000000000000000000001061206                         0000000000000000000000000                                             000003
102021974950001161584870000003760                             82030515143      000                        1421051206                              151006000000000760010400469000000000000125647101061206              0000000000000000000000000000000000000000000000008139000000000053900000000000001061206                         0000000000000000000000000                                             000004
102021974950001161584870000003760                             82030552162      000                        1421051206                              151206000000000760006500016000000000000270663101061206              0000000000000000000000000000000000000000000000007600000000000000000000000000001061206                         0000000000000000000000000                                             000005
102021974950001161584870000003760                             82030720146      000                        1421051206                              101106000000000760010409148000000000000125647101061206              0000000000000000000000000000000000000000000000007942000000000034200000000000001061206                         0000000000000000000000000                                             000006
102021974950001161584870000003760                             82030724150      000                        1421051206                              000000000000000760039928996000000000000270663101061206              0000000000000000000000000000000000000000000000007600000000000000000000000000001061206                         0000000000000000000000000                                             000007
102021974950001161584870000003760                             82030730150      000                        1421051206                              000000000000000760039928996000000000000270663101061206              0000000000000000000000000000000000000000000000007600000000000000000000000000001061206                         0000000000000000000000000                                             000008
102021974950001161584870000003760                             82060406156      000                        1421051206                              101106000000000760010400485000000000000125647101061206              0000000000000000000000000000000000000000000000007942000000000034200000000000001061206                         0000000000000000000000000                                             000009
102021974950001161584870000003760                             82060417166      000                        1421051206                              101206000000000760010430171000000000000125647101061206              0000000000000000000000000000000000000000000000007600000000000000000000000000001061206                         0000000000000000000000000                                             000010
102021974950001161584870000003760                             82060507165      000                        1421051206                              000000000000000760039928996000000000000270663101061206              0000000000000000000000000000000000000000000000007600000000000000000000000000001061206                         0000000000000000000000000                                             000011
102021974950001161584870000003760                             82060521168      000                        1421051206                              101206000000000760000116206000000000000270663101061206              0000000000000000000000000000000000000000000000007600000000000000000000000000001061206                         0000000000000000000000000                                             000012
102021974950001161584870000003760                             82060523152      000                        1421051206                              101106000000000760010400450000000000000125647101061206              0000000000000000000000000000000000000000000000007942000000000034200000000000001061206                         0000000000000000000000000                                             000013
102021974950001161584870000003760                             82060610179      000                        1421051206                              151006000000000750010412424000000000000125647101061206              0000000000000000000000000000000000000000000000008032000000000053200000000000001061206                         0000000000000000000000000                                             000014
102021974950001161584870000003760                             82060629155      000                        1421051206                              231006000000000750010412424000000000000125647101061206              0000000000000000000000000000000000000000000000007951000000000045100000000000001061206                         0000000000000000000000000                                             000015
102021974950001161584870000003760                             82060905152      000                        1421051206                              101106000000000760010430171000000000000240655100051206              0000000000000000000000000000000000000000000000007942000000000034200000000000001051206                         0000000000000000000000000                                             000016
102021974950001161584870000003760                             82060910164      000                        1421051206                              101206000000000760010400477000000000000125647101061206              0000000000000000000000000000000000000000000000007600000000000000000000000000001061206                         0000000000000000000000000                                             000017
102021974950001161584870000003760                             82060915166      000                        1421051206                              101206000000000760010430171000000000000125647101061206              0000000000000000000000000000000000000000000000007600000000000000000000000000001061206                         0000000000000000000000000                                             000018
102021974950001161584870000003760                             82071222167      000                        1421051206                              101206000000000760023732056000000000000270663101061206              0000000000000000000000000000000000000000000000007600000000000000000000000000001061206                         0000000000000000000000000                                             000019
102021974950001161584870000003760                             82110817162      000                        1421051206                              201106000000000750010407765000000000000125647101061206              0000000000000000000000000000000000000000000000007755000000000025500000000000001061206                         0000000000000000000000000                                             000020
9201104                                                                                                                                                                                                                                                                                                                                                                                                   000021
