02RETORNO01COBRANCA       1584870000003760    IPAD                          104C ECON FEDERAL 050406                                                                                                                                                                                                                                                                                                 00177000001
102021974950001161584870000003760                             82000034260      000                        1421050406                              050306000000000860010400469000000000000125647101060406              0000000000000000000000000000000000000000000000009038000000000043800000000000001060406                         0000000000000000000000000                                             000002
102021974950001161584870000003760                             82000036034      000                        1421050406                              150306000000000860010409156000000000000125647101060406              0000000000000000000000000000000000000000000000008940000000000034000000000000001060406                         0000000000000000000000000                                             000003
102021974950001161584870000003760                             82000040236      000                        1421050406                              000000000000000760000110606000000000000270663101060406              0000000000000000000000000000000000000000000000007600000000000000000000000000001060406                         0000000000000000000000000                                             000004
102021974950001161584870000003760                             82010130165      000                        1421050406                              100406000000000750006500016000000000000270663101060406              0000000000000000000000000000000000000000000000007500000000000000000000000000001060406                         0000000000000000000000000                                             000005
102021974950001161584870000003760                             82010136163      000                        1421050406                              100406000000000375075641796000000000000270663101060406              0000000000000000000000000000000000000000000000003750000000000000000000000000001060406                         0000000000000000000000000                                             000006
102021974950001161584870000003760                             82010201160      000                        1421050406                              100406000000000420023725426000000000000270663101060406              0000000000000000000000000000000000000000000000004200000000000000000000000000001060406                         0000000000000000000000000                                             000007
102021974950001161584870000003760                             82010212161      000                        1421050406                              100406000000000420006500016000000000000270663101060406              0000000000000000000000000000000000000000000000004200000000000000000000000000001060406                         0000000000000000000000000                                             000008
102021974950001161584870000003760                             82010217163      000                        1421050406                              100406000000000420006500016000000000000270663101060406              0000000000000000000000000000000000000000000000004200000000000000000000000000001060406                         0000000000000000000000000                                             000009
102021974950001161584870000003760                             82030135162      000                        1421050406                              100406000000000750010424465000000000000125647101060406              0000000000000000000000000000000000000000000000007500000000000000000000000000001060406                         0000000000000000000000000                                             000010
102021974950001161584870000003760                             82040105177      000                        1421050406                              000000000000000430039928996000000000000270663101060406              0000000000000000000000000000000000000000000000004300000000000000000000000000001060406                         0000000000000000000000000                                             000011
102021974950001161584870000003760                             82040108176      000                        1421050406                              100406000000000430010400523000000000000125647101060406              0000000000000000000000000000000000000000000000004300000000000000000000000000001060406                         0000000000000000000000000                                             000012
102021974950001161584870000003760                             82040132174      000                        1421050406                              100406000000000860010409156000000000000125647101060406              0000000000000000000000000000000000000000000000008600000000000000000000000000001060406                         0000000000000000000000000                                             000013
102021974950001161584870000003760                             82040214170      000                        1421050406                              100406000000000430010400523000000000000125647101060406              0000000000000000000000000000000000000000000000004300000000000000000000000000001060406                         0000000000000000000000000                                             000014
102021974950001161584870000003760                             82040224176      000                        1421050406                              100406000000000430010400523000000000000125647101060406              0000000000000000000000000000000000000000000000004300000000000000000000000000001060406                         0000000000000000000000000                                             000015
102021974950001161584870000003760                             82040225172      000                        1421050406                              100406000000000430006500016000000000000270663101060406              0000000000000000000000000000000000000000000000004300000000000000000000000000001060406                         0000000000000000000000000                                             000016
102021974950001161584870000003760                             82040232179      000                        1421050406                              100406000000000430006500016000000000000270663101060406              0000000000000000000000000000000000000000000000004300000000000000000000000000001060406                         0000000000000000000000000                                             000017
102021974950001161584870000003760                             82040426178      000                        1421050406                              100406000000000860010400523000000000000125620101060406              0000000000000000000000000000000000000000000000008600000000000000000000000000001060406                         0000000000000000000000000                                             000018
102021974950001161584870000003760                             82040529171      000                        1421050406                              100406000000000860006500016000000000000270663101060406              0000000000000000000000000000000000000000000000008600000000000000000000000000001060406                         0000000000000000000000000                                             000019
102021974950001161584870000003760                             82050119170      000                        1421050406                              100406000000000400006500016000000000000270663101060406              0000000000000000000000000000000000000000000000004000000000000000000000000000001060406                         0000000000000000000000000                                             000020
102021974950001161584870000003760                             82050133173      000                        1421050406                              100406000000000400010400531000000000000125647101060406              0000000000000000000000000000000000000000000000004000000000000000000000000000001060406                         0000000000000000000000000                                             000021
102021974950001161584870000003760                             82050212170      000                        1421050406                              100406000000000400006500016000000000000270663101060406              0000000000000000000000000000000000000000000000004000000000000000000000000000001060406                         0000000000000000000000000                                             000022
102021974950001161584870000003760                             82050224179      000                        1421050406                              100406000000000400010400531000000000000125647101060406              0000000000000000000000000000000000000000000000004000000000000000000000000000001060406                         0000000000000000000000000                                             000023
102021974950001161584870000003760                             82050230179      000                        1421050406                              100406000000000400006500016000000000000270663101060406              0000000000000000000000000000000000000000000000004000000000000000000000000000001060406                         0000000000000000000000000                                             000024
102021974950001161584870000003760                             82060211169      000                        1421050406                              100406000000000860010421911000000000000125647101060406              0000000000000000000000000000000000000000000000008600000000000000000000000000001060406                         0000000000000000000000000                                             000025
102021974950001161584870000003760                             82060313166      000                        1421050406                              150406000000000860010421911000000000000125647101060406              0000000000000000000000000000000000000000000000008600000000000000000000000000001060406                         0000000000000000000000000                                             000026
102021974950001161584870000003760                             82060336140      000                        1421050406                              150206000000000860010408761000000000000125647101060406              0000000000000000000000000000000000000000000000009193000000000059300000000000001060406                         0000000000000000000000000                                             000027
102021974950001161584870000003760                             82070306170      000                        1421050406                              000000000000000860040975226000000000000270663101060406              0000000000000000000000000000000000000000000000008600000000000000000000000000001060406                         0000000000000000000000000                                             000028
102021974950001161584870000003760                             82070314173      000                        1421050406                              150406000000000860006500016000000000000270663101060406              0000000000000000000000000000000000000000000000008600000000000000000000000000001060406                         0000000000000000000000000                                             000029
102021974950001161584870000003760                             82070427172      000                        1421050406                              150406000000000860006500016000000000000270663101060406              0000000000000000000000000000000000000000000000008600000000000000000000000000001060406                         0000000000000000000000000                                             000030
102021974950001161584870000003760                             82070428179      000                        1421050406                              150406000000000860006500016000000000000270663101060406              0000000000000000000000000000000000000000000000008600000000000000000000000000001060406                         0000000000000000000000000                                             000031
102021974950001161584870000003760                             82090302170      000                        1421050406                              100406000000000750010407749000000000000125647101060406              0000000000000000000000000000000000000000000000007500000000000000000000000000001060406                         0000000000000000000000000                                             000032
102021974950001161584870000003760                             82090423172      000                        1421050406                              000000000000000750039928996000000000000270663101060406              0000000000000000000000000000000000000000000000007500000000000000000000000000001060406                         0000000000000000000000000                                             000033
102021974950001161584870000003760                             82090431175      000                        1421050406                              100406000000000750010400540000000000000125647101060406              0000000000000000000000000000000000000000000000007500000000000000000000000000001060406                         0000000000000000000000000                                             000034
102021974950001161584870000003760                             82090731179      000                        1421050406                              100406000000000750006500016000000000000270663101060406              0000000000000000000000000000000000000000000000007500000000000000000000000000001060406                         0000000000000000000000000                                             000035
102021974950001161584870000003760                             82091213171      000                        1421050406                              100406000000000750000116726000000000000270663101060406              0000000000000000000000000000000000000000000000007500000000000000000000000000001060406                         0000000000000000000000000                                             000036
102021974950001161584870000003760                             82110105162      000                        1421050406                              100406000000000750010407765000000000000125620101060406              0000000000000000000000000000000000000000000000007500000000000000000000000000001060406                         0000000000000000000000000                                             000037
102021974950001161584870000003760                             82110331162      000                        1421050406                              100406000000000860010407765000000000000125647101060406              0000000000000000000000000000000000000000000000008600000000000000000000000000001060406                         0000000000000000000000000                                             000038
102021974950001161584870000003760                             82120131166      000                        1421050406                              100306000000000650010421245000000000000125647101060406              0000000000000000000000000000000000000000000000006756000000000025600000000000001060406                         0000000000000000000000000                                             000039
102021974950001161584870000003760                             82120137156      000                        1421050406                              100206000000000650010421245000000000000125647101060406              0000000000000000000000000000000000000000000000006955000000000045500000000000001060406                         0000000000000000000000000                                             000040
9201104                                                                                                                                                                                                                                                                                                                                                                                                   000041
