02RETORNO01COBRANCA       1584870000003760    IPAD                          104C ECON FEDERAL 040806                                                                                                                                                                                                                                                                                                 00260000001
102021974950001161584870000003760                             82030226125      000                        1421040806                              100706000000000760010409156000000000000125647101070806              0000000000000000000000000000000000000000000000007942000000000034200000000000001070806                         0000000000000000000000000                                             000002
102021974950001161584870000003760                             82030313150      000                        1421040806                              300706000000000860010409156000000000000125647101070806              0000000000000000000000000000000000000000000000008815000000000021500000000000001070806                         0000000000000000000000000                                             000003
102021974950001161584870000003760                             82030318135      000                        1421040806                              300506000000000860010409156000000000000125647101070806              0000000000000000000000000000000000000000000000009340000000000074000000000000001070806                         0000000000000000000000000                                             000004
102021974950001161584870000003760                             82030332154      000                        1421040806                              300706000000000860010409156000000000000125647101070806              0000000000000000000000000000000000000000000000008812000000000021200000000000001070806                         0000000000000000000000000                                             000005
102021974950001161584870000003760                             82030408150      000                        1421040806                              100806000000000760010407757000000000000125647101070806              0000000000000000000000000000000000000000000000007600000000000000000000000000001070806                         0000000000000000000000000                                             000006
102021974950001161584870000003760                             82030420126      000                        1421040806                              100506000000000760010407757000000000000125647101070806              0000000000000000000000000000000000000000000000008347000000000074700000000000001070806                         0000000000000000000000000                                             000007
102021974950001161584870000003760                             82030420134      000                        1421040806                              100606000000000760010407757000000000000125647101070806              0000000000000000000000000000000000000000000000008137000000000053700000000000001070806                         0000000000000000000000000                                             000008
102021974950001161584870000003760                             82030429158      000                        1421040806                              100806000000000760000121256000000000000270663101070806              0000000000000000000000000000000000000000000000007600000000000000000000000000001070806                         0000000000000000000000000                                             000009
102021974950001161584870000003760                             82030506128      000                        1421040806                              150806000000000760023730526000000000000270663101070806              0000000000000000000000000000000000000000000000007600000000000000000000000000001070806                         0000000000000000000000000                                             000010
102021974950001161584870000003760                             82030519122      000                        1421040806                              150806000000000760000127026000000000000270663101070806              0000000000000000000000000000000000000000000000007600000000000000000000000000001070806                         0000000000000000000000000                                             000011
102021974950001161584870000003760                             82030705112      000                        1421040806                              100806000000000760010409148000000000000125647101070806              0000000000000000000000000000000000000000000000007600000000000000000000000000001070806                         0000000000000000000000000                                             000012
102021974950001161584870000003760                             82030913122      000                        1421040806                              100806000000000760010407757000000000000125647101070806              0000000000000000000000000000000000000000000000007600000000000000000000000000001070806                         0000000000000000000000000                                             000013
102021974950001161584870000003760                             82060405125      000                        1421040806                              100806000000000760023719046000000000000270663101070806              0000000000000000000000000000000000000000000000007600000000000000000000000000001070806                         0000000000000000000000000                                             000014
102021974950001161584870000003760                             82060601153      000                        1421040806                              150806000000000750006500016000000000000270663101070806              0000000000000000000000000000000000000000000000007500000000000000000000000000001070806                         0000000000000000000000000                                             000015
102021974950001161584870000003760                             82060609154      000                        1421040806                              150806000000000750074500016000000000000270663101070806              0000000000000000000000000000000000000000000000007500000000000000000000000000001070806                         0000000000000000000000000                                             000016
102021974950001161584870000003760                             82060626130      000                        1421040806                              150706000000000750010412424000000000000125647101070806              0000000000000000000000000000000000000000000000007800000000000030000000000000001070806                         0000000000000000000000000                                             000017
102021974950001161584870000003760                             82060723143      000                        1421040806                              150806000000000860006500016000000000000270663101070806              0000000000000000000000000000000000000000000000008600000000000000000000000000001070806                         0000000000000000000000000                                             000018
102021974950001161584870000003760                             82060910121      000                        1421040806                              100806000000000760010400477000000000000125647101070806              0000000000000000000000000000000000000000000000007600000000000000000000000000001070806                         0000000000000000000000000                                             000019
102021974950001161584870000003760                             82090906173      000                        1421040806                              300706000000000375010408770000000000000125647101070806              0000000000000000000000000000000000000000000000003750000000000000000000000000001070806                         0000000000000000000000000                                             000020
102021974950001161584870000003760                             82091126171      000                        1421040806                              100406000000000750010408770000000000000125647101070806              0000000000000000000000000000000000000000000000008520000000000102000000000000001070806                         0000000000000000000000000                                             000021
102021974950001161584870000003760                             82110630135      000                        1421040806                              200606000000000750010407765000000000000125647101070806              0000000000000000000000000000000000000000000000008010000000000051000000000000001070806                         0000000000000000000000000                                             000022
102021974950001161584870000003760                             82110635137      000                        1421040806                              200706000000000750010407765000000000000125647101070806              0000000000000000000000000000000000000000000000007770000000000027000000000000001070806                         0000000000000000000000000                                             000023
102021974950001161584870000003760                             82110723141      000                        1421040806                              250706000000000750010407765000000000000125647101070806              0000000000000000000000000000000000000000000000007730000000000023000000000000001070806                         0000000000000000000000000                                             000024
102021974950001161584870000003760                             82110815143      000                        1421040806                              250706000000000750010407765000000000000125647101070806              0000000000000000000000000000000000000000000000007730000000000023000000000000001070806                         0000000000000000000000000                                             000025
102021974950001161584870000003760                             82110829136      000                        1421040806                              200606000000000750010407765000000000000125647101070806              0000000000000000000000000000000000000000000000008010000000000051000000000000001070806                         0000000000000000000000000                                             000026
102021974950001161584870000003760                             82110832145      000                        1421040806                              250706000000000750010407765000000000000125647101070806              0000000000000000000000000000000000000000000000007730000000000023000000000000001070806                         0000000000000000000000000                                             000027
102021974950001161584870000003760                             82110838143      000                        1421040806                              250706000000000750010407765000000000000125647101070806              0000000000000000000000000000000000000000000000007730000000000023000000000000001070806                         0000000000000000000000000                                             000028
9201104                                                                                                                                                                                                                                                                                                                                                                                                   000029
