02RETORNO01COBRANCA       1584870000003760    IPAD                          104C ECON FEDERAL 061206                                                                                                                                                                                                                                                                                                 00344000001
102021974950001161584870000003760                             82010311135      000                        1421061206                              100806000000000660010409148000000000000125647101071206              0000000000000000000000000000000000000000000000006800000000000020000000000000001071206                         0000000000000000000000000                                             000002
102021974950001161584870000003760                             82010311151      000                        1421061206                              101006000000000660010409148000000000000125647101071206              0000000000000000000000000000000000000000000000006776000000000017600000000000001071206                         0000000000000000000000000                                             000003
102021974950001161584870000003760                             82030208178      000                        1421061206                              101206000000000760007347476000000000000270663101071206              0000000000000000000000000000000000000000000000007600000000000000000000000000001071206                         0000000000000000000000000                                             000004
102021974950001161584870000003760                             82030209166      000                        1421061206                              101106000000000760010409156000000000000125647101071206              0000000000000000000000000000000000000000000000007949000000000034900000000000001071206                         0000000000000000000000000                                             000005
102021974950001161584870000003760                             82030211179      000                        1421061206                              000000000000000760039928996000000000000270663101071206              0000000000000000000000000000000000000000000000007600000000000000000000000000001071206                         0000000000000000000000000                                             000006
102021974950001161584870000003760                             82030218173      000                        1421061206                              000000000000000760039928996000000000000270663101071206              0000000000000000000000000000000000000000000000007600000000000000000000000000001071206                         0000000000000000000000000                                             000007
102021974950001161584870000003760                             82030550135      000                        1421061206                              150906000000000760010409148000000000000125647101071206              0000000000000000000000000000000000000000000000007791000000000019100000000000001071206                         0000000000000000000000000                                             000008
102021974950001161584870000003760                             82030550160      000                        1421061206                              151206000000000760010409148000000000000125647101071206              0000000000000000000000000000000000000000000000007600000000000000000000000000001071206                         0000000000000000000000000                                             000009
102021974950001161584870000003760                             82030553169      000                        1421061206                              151206000000000760023730526000000000000270663101071206              0000000000000000000000000000000000000000000000007600000000000000000000000000001071206                         0000000000000000000000000                                             000010
102021974950001161584870000003760                             82030816151      000                        1421061206                              151206000000000760006500016000000000000270663101071206              0000000000000000000000000000000000000000000000007600000000000000000000000000001071206                         0000000000000000000000000                                             000011
102021974950001161584870000003760                             82030924167      000                        1421061206                              101206000000000760010407757000000000000125647101071206              0000000000000000000000000000000000000000000000007600000000000000000000000000001071206                         0000000000000000000000000                                             000012
102021974950001161584870000003760                             82040626169      000                        1421061206                              071206000000000860010415830000000000000240655100061206              0000000000000000000000000000000000000000000000008600000000000000000000000000001061206                         0000000000000000000000000                                             000013
102021974950001161584870000003760                             82040626177      000                        1421061206                              071206000000000860010415830000000000000240655100061206              0000000000000000000000000000000000000000000000008600000000000000000000000000001061206                         0000000000000000000000000                                             000014
102021974950001161584870000003760                             82060527166      000                        1421061206                              000000000000000760039928996000000000000270663101071206              0000000000000000000000000000000000000000000000007600000000000000000000000000001071206                         0000000000000000000000000                                             000015
102021974950001161584870000003760                             82060901173      000                        1421061206                              000000000000000760039928996000000000000270663101071206              0000000000000000000000000000000000000000000000007600000000000000000000000000001071206                         0000000000000000000000000                                             000016
102021974950001161584870000003760                             82070630172      000                        1421061206                              201206000000000760006500016000000000000270663101071206              0000000000000000000000000000000000000000000000007600000000000000000000000000001071206                         0000000000000000000000000                                             000017
102021974950001161584870000003760                             82071217163      000                        1421061206                              000000000000000760039928996000000000000270663101071206              0000000000000000000000000000000000000000000000007600000000000000000000000000001071206                         0000000000000000000000000                                             000018
102021974950001161584870000003760                             82111014128      000                        1421061206                              111206000000000760010407765000000000000125647101071206              0000000000000000000000000000000000000000000000007600000000000000000000000000001071206                         0000000000000000000000000                                             000019
102021974950001161584870000003760                             82130402138      000                        1421061206                              101206000000000760006500016000000000000270663101071206              0000000000000000000000000000000000000000000000007600000000000000000000000000001071206                         0000000000000000000000000                                             000020
102021974950001161584870000003760                             82130403134      000                        1421061206                              101206000000000760010409148000000000000125620101071206              0000000000000000000000000000000000000000000000007600000000000000000000000000001071206                         0000000000000000000000000                                             000021
9201104                                                                                                                                                                                                                                                                                                                                                                                                   000022
