02RETORNO01COBRANCA       1584870000003760    IPAD                          104C ECON FEDERAL 060307                                                                                                                                                                                                                                                                                                 00402000001
102021974950001161584870000003760                             82000051912      000                        1421060307                              000000000000000800010407757000000000000125647101070307              0000000000000000000000000000000000000000000000008000000000000000000000000000001070307                         0000000000000000000000000                                             000002
102021974950001161584870000003760                             82031119152      000                        1421060307                              100307000000000760010424465000000000000125647101070307              0000000000000000000000000000000000000000000000007600000000000000000000000000001070307                         0000000000000000000000000                                             000003
102021974950001161584870000003760                             82061033116      000                        1421060307                              280207000000000380010400540000000000000125647101070307              0000000000000000000000000000000000000000000000003899000000000009900000000000001070307                         0000000000000000000000000                                             000004
9201104                                                                                                                                                                                                                                                                                                                                                                                                   000005
