02RETORNO01COBRANCA       1584870000003760    IPAD                          104C ECON FEDERAL 061205                                                                                                                                                                                                                                                                                                 00094000001
102021974950001161584870000003760                             82040104138      000                        1421061205                              101205000000000430075641796000000000000270663101071205              0000000000000000000000000000000000000000000000004300000000000000000000000000001071205                         0000000000000000000000000                                             000002
102021974950001161584870000003760                             82040107137      000                        1421061205                              101205000000000430010400523000000000000125647101071205              0000000000000000000000000000000000000000000000004300000000000000000000000000001071205                         0000000000000000000000000                                             000003
102021974950001161584870000003760                             82040122136      000                        1421061205                              101205000000000430075641796000000000000270663101071205              0000000000000000000000000000000000000000000000004300000000000000000000000000001071205                         0000000000000000000000000                                             000004
102021974950001161584870000003760                             82040222130      000                        1421061205                              101205000000000430006500016000000000000270663101071205              0000000000000000000000000000000000000000000000004300000000000000000000000000001071205                         0000000000000000000000000                                             000005
102021974950001161584870000003760                             82040235135      000                        1421061205                              101205000000000430010400523000000000000125647101071205              0000000000000000000000000000000000000000000000004300000000000000000000000000001071205                         0000000000000000000000000                                             000006
102021974950001161584870000003760                             82040238134      000                        1421061205                              101205000000000860010400523000000000000125647101071205              0000000000000000000000000000000000000000000000008600000000000000000000000000001071205                         0000000000000000000000000                                             000007
102021974950001161584870000003760                             82040301138      000                        1421061205                              151205000000000360010400523000000000000125647101071205              0000000000000000000000000000000000000000000000003600000000000000000000000000001071205                         0000000000000000000000000                                             000008
102021974950001161584870000003760                             82040307128      000                        1421061205                              251105000000000360010400523000000000000125647101071205              0000000000000000000000000000000000000000000000003712000000000011200000000000001071205                         0000000000000000000000000                                             000009
102021974950001161584870000003760                             82040307136      000                        1421061205                              151205000000000360010400523000000000000125647101071205              0000000000000000000000000000000000000000000000003600000000000000000000000000001071205                         0000000000000000000000000                                             000010
102021974950001161584870000003760                             82040316135      000                        1421061205                              151205000000000360006500016000000000000270663101071205              0000000000000000000000000000000000000000000000003600000000000000000000000000001071205                         0000000000000000000000000                                             000011
102021974950001161584870000003760                             82040317131      000                        1421061205                              151205000000000360010400523000000000000125647101071205              0000000000000000000000000000000000000000000000003600000000000000000000000000001071205                         0000000000000000000000000                                             000012
102021974950001161584870000003760                             82040322135      000                        1421061205                              151205000000000360010400523000000000000125647101071205              0000000000000000000000000000000000000000000000003600000000000000000000000000001071205                         0000000000000000000000000                                             000013
102021974950001161584870000003760                             82040323131      000                        1421061205                              151205000000000360010400523000000000000125647101071205              0000000000000000000000000000000000000000000000003600000000000000000000000000001071205                         0000000000000000000000000                                             000014
102021974950001161584870000003760                             82040332130      000                        1421061205                              151205000000000360007347476000000000000270663101071205              0000000000000000000000000000000000000000000000003600000000000000000000000000001071205                         0000000000000000000000000                                             000015
102021974950001161584870000003760                             82040408137      000                        1421061205                              101205000000000860075641796000000000000270663101071205              0000000000000000000000000000000000000000000000008600000000000000000000000000001071205                         0000000000000000000000000                                             000016
102021974950001161584870000003760                             82040431139      000                        1421061205                              101205000000000860010400523000000000000125620101071205              0000000000000000000000000000000000000000000000008600000000000000000000000000001071205                         0000000000000000000000000                                             000017
102021974950001161584870000003760                             82040529139      000                        1421061205                              101205000000000860010400523000000000000125647101071205              0000000000000000000000000000000000000000000000008600000000000000000000000000001071205                         0000000000000000000000000                                             000018
102021974950001161584870000003760                             82050116139      000                        1421061205                              101205000000000400010400531000000000000125647101071205              0000000000000000000000000000000000000000000000004000000000000000000000000000001071205                         0000000000000000000000000                                             000019
102021974950001161584870000003760                             82050125138      000                        1421061205                              101205000000000400006500016000000000000270663101071205              0000000000000000000000000000000000000000000000004000000000000000000000000000001071205                         0000000000000000000000000                                             000020
102021974950001161584870000003760                             82050126134      000                        1421061205                              101205000000000400075641796000000000000270663101071205              0000000000000000000000000000000000000000000000004000000000000000000000000000001071205                         0000000000000000000000000                                             000021
102021974950001161584870000003760                             82050127130      000                        1421061205                              101205000000000400006500016000000000000270663101071205              0000000000000000000000000000000000000000000000004000000000000000000000000000001071205                         0000000000000000000000000                                             000022
102021974950001161584870000003760                             82050337135      000                        1421061205                              101205000000000860010427782000000000000125647101071205              0000000000000000000000000000000000000000000000008600000000000000000000000000001071205                         0000000000000000000000000                                             000023
102021974950001161584870000003760                             82060117138      000                        1421061205                              151105000000000860010430171000000000000240655100061205              0000000000000000000000000000000000000000000000008952000000000035200000000000001061205                         0000000000000000000000000                                             000024
102021974950001161584870000003760                             82060117146      000                        1421061205                              151205000000000860010430171000000000000240655100061205              0000000000000000000000000000000000000000000000008600000000000000000000000000001061205                         0000000000000000000000000                                             000025
102021974950001161584870000003760                             82070210130      000                        1421061205                              101205000000000860075641796000000000000270663101071205              0000000000000000000000000000000000000000000000008600000000000000000000000000001071205                         0000000000000000000000000                                             000026
102021974950001161584870000003760                             82070231138      000                        1421061205                              101205000000000860010415830000000000000125647101071205              0000000000000000000000000000000000000000000000008600000000000000000000000000001071205                         0000000000000000000000000                                             000027
102021974950001161584870000003760                             82070326139      000                        1421061205                              151205000000000860006500016000000000000270663101071205              0000000000000000000000000000000000000000000000008600000000000000000000000000001071205                         0000000000000000000000000                                             000028
102021974950001161584870000003760                             82070415131      000                        1421061205                              000000000000000860039928996000000000000270663101071205              0000000000000000000000000000000000000000000000008600000000000000000000000000001071205                         0000000000000000000000000                                             000029
102021974950001161584870000003760                             82090106134      000                        1421061205                              101205000000000750075641796000000000000270663101071205              0000000000000000000000000000000000000000000000007500000000000000000000000000001071205                         0000000000000000000000000                                             000030
102021974950001161584870000003760                             82090108137      000                        1421061205                              101205000000000750000123356000000000000270663101071205              0000000000000000000000000000000000000000000000007500000000000000000000000000001071205                         0000000000000000000000000                                             000031
102021974950001161584870000003760                             82090507139      000                        1421061205                              101205000000000375006500016000000000000270663101071205              0000000000000000000000000000000000000000000000003750000000000000000000000000001071205                         0000000000000000000000000                                             000032
102021974950001161584870000003760                             82091026134      000                        1421061205                              101205000000000375006500016000000000000270663101071205              0000000000000000000000000000000000000000000000003750000000000000000000000000001071205                         0000000000000000000000000                                             000033
102021974950001161584870000003760                             82091201130      000                        1421061205                              101205000000000750010400540000000000000125647101071205              0000000000000000000000000000000000000000000000007500000000000000000000000000001071205                         0000000000000000000000000                                             000034
102021974950001161584870000003760                             82091218130      000                        1421061205                              101205000000000750010400540000000000000125647101071205              0000000000000000000000000000000000000000000000007500000000000000000000000000001071205                         0000000000000000000000000                                             000035
102021974950001161584870000003760                             82110104123      000                        1421061205                              101205000000000750023736156000000000000270663101071205              0000000000000000000000000000000000000000000000007500000000000000000000000000001071205                         0000000000000000000000000                                             000036
102021974950001161584870000003760                             82120114130      000                        1421061205                              101205000000000650010421245000000000000125647101071205              0000000000000000000000000000000000000000000000006500000000000000000000000000001071205                         0000000000000000000000000                                             000037
102021974950001161584870000003760                             82120121136      000                        1421061205                              101205000000000650010421245000000000000125647101071205              0000000000000000000000000000000000000000000000006500000000000000000000000000001071205                         0000000000000000000000000                                             000038
102021974950001161584870000003760                             82120126138      000                        1421061205                              101205000000000650010421245000000000000125647101071205              0000000000000000000000000000000000000000000000006500000000000000000000000000001071205                         0000000000000000000000000                                             000039
9201104                                                                                                                                                                                                                                                                                                                                                                                                   000040
