02RETORNO01COBRANCA       1584870000003760    IPAD                          104C ECON FEDERAL 010307                                                                                                                                                                                                                                                                                                 00399000001
102021974950001161584870000003760                             82000050517      000                        1421010307                              000000000000000800010409156000000000000125647101020307              0000000000000000000000000000000000000000000000008000000000000000000000000000001020307                         0000000000000000000000000                                             000002
102021974950001161584870000003760                             82030718176      000                        1421010307                              100207000000000760010409148000000000000125647101020307              0000000000000000000000000000000000000000000000007904000000000030400000000000001020307                         0000000000000000000000000                                             000003
102021974950001161584870000003760                             82030922148      000                        1421010307                              101006000000000760010407757000000000000125647101020307              0000000000000000000000000000000000000000000000008831000000000123100000000000001020307                         0000000000000000000000000                                             000004
102021974950001161584870000003760                             82030922156      000                        1421010307                              101106000000000760010407757000000000000125647101020307              0000000000000000000000000000000000000000000000008596000000000099600000000000001020307                         0000000000000000000000000                                             000005
102021974950001161584870000003760                             82030922164      000                        1421010307                              101206000000000760010407757000000000000125647101020307              0000000000000000000000000000000000000000000000008368000000000076800000000000001020307                         0000000000000000000000000                                             000006
102021974950001161584870000003760                             82031002131      000                        1421010307                              280207000000000760010409857000000000000240655100010307              0000000000000000000000000000000000000000000000007760000000000016000000000000001010307                         0000000000000000000000000                                             000007
102021974950001161584870000003760                             82031008130      000                        1421010307                              280207000000000760010400523000000000000125647101020307              0000000000000000000000000000000000000000000000007600000000000000000000000000001020307                         0000000000000000000000000                                             000008
102021974950001161584870000003760                             82031011130      000                        1421010307                              280207000000000760010400523000000000000125647101020307              0000000000000000000000000000000000000000000000007753000000000015300000000000001020307                         0000000000000000000000000                                             000009
102021974950001161584870000003760                             82031012137      000                        1421010307                              280207000000000760010400523000000000000125647101020307              0000000000000000000000000000000000000000000000007753000000000015300000000000001020307                         0000000000000000000000000                                             000010
102021974950001161584870000003760                             82031013133      000                        1421010307                              280207000000000760010400523000000000000125647101020307              0000000000000000000000000000000000000000000000007753000000000015300000000000001020307                         0000000000000000000000000                                             000011
102021974950001161584870000003760                             82031018135      000                        1421010307                              280207000000000760010400523000000000000125647101020307              0000000000000000000000000000000000000000000000007753000000000015300000000000001020307                         0000000000000000000000000                                             000012
102021974950001161584870000003760                             82031021136      000                        1421010307                              280207000000000760010400523000000000000125647101020307              0000000000000000000000000000000000000000000000007600000000000000000000000000001020307                         0000000000000000000000000                                             000013
102021974950001161584870000003760                             82031023139      000                        1421010307                              280207000000000760010400523000000000000125647101020307              0000000000000000000000000000000000000000000000007600000000000000000000000000001020307                         0000000000000000000000000                                             000014
102021974950001161584870000003760                             82031115157      000                        1421010307                              100307000000000760010424465000000000000240655100010307              0000000000000000000000000000000000000000000000007600000000000000000000000000001010307                         0000000000000000000000000                                             000015
102021974950001161584870000003760                             82071225174      000                        1421010307                              100107000000000760010400485000000000000240655100010307              0000000000000000000000000000000000000000000000008152000000000055200000000000001010307                         0000000000000000000000000                                             000016
102021974950001161584870000003760                             82071233169      000                        1421010307                              101206000000000760010400485000000000000125647101020307              0000000000000000000000000000000000000000000000008367000000000076700000000000001020307                         0000000000000000000000000                                             000017
102021974950001161584870000003760                             82071407140      000                        1421010307                              140207000000000760010421245000000000000125647101020307              0000000000000000000000000000000000000000000000007857000000000025700000000000001020307                         0000000000000000000000000                                             000018
9201104                                                                                                                                                                                                                                                                                                                                                                                                   000019
