02RETORNO01COBRANCA       1584870000003760    IPAD                          104C ECON FEDERAL 060406                                                                                                                                                                                                                                                                                                 00178000001
102021974950001161584870000003760                             82000034414      000                        1421060406                              100306000000000750010407765000000000000125647101070406              0000000000000000000000000000000000000000000000007866000000000036600000000000001070406                         0000000000000000000000000                                             000002
102021974950001161584870000003760                             82000037790      000                        1421060406                              300306000000000860010430171000000000000240655100060406              0000000000000000000000000000000000000000000000008832000000000023200000000000001060406                         0000000000000000000000000                                             000003
102021974950001161584870000003760                             82000040023      000                        1421060406                              000000000000000860010409156000000000000125647101070406              0000000000000000000000000000000000000000000000008600000000000000000000000000001070406                         0000000000000000000000000                                             000004
102021974950001161584870000003760                             82010121166      000                        1421060406                              100406000000000750010414338000000000000125647101070406              0000000000000000000000000000000000000000000000007500000000000000000000000000001070406                         0000000000000000000000000                                             000005
102021974950001161584870000003760                             82010208172      000                        1421060406                              100506000000000420000117546000000000000270663101070406              0000000000000000000000000000000000000000000000004200000000000000000000000000001070406                         0000000000000000000000000                                             000006
102021974950001161584870000003760                             82030113169      000                        1421060406                              100406000000000750010424465000000000000125647101070406              0000000000000000000000000000000000000000000000007500000000000000000000000000001070406                         0000000000000000000000000                                             000007
102021974950001161584870000003760                             82030114165      000                        1421060406                              100406000000000750010424465000000000000125647101070406              0000000000000000000000000000000000000000000000007500000000000000000000000000001070406                         0000000000000000000000000                                             000008
102021974950001161584870000003760                             82030123164      000                        1421060406                              100406000000000750010424465000000000000125647101070406              0000000000000000000000000000000000000000000000007500000000000000000000000000001070406                         0000000000000000000000000                                             000009
102021974950001161584870000003760                             82030124160      000                        1421060406                              100406000000000750000109176000000000000270663101070406              0000000000000000000000000000000000000000000000007500000000000000000000000000001070406                         0000000000000000000000000                                             000010
102021974950001161584870000003760                             82040119178      000                        1421060406                              100406000000000430010400523000000000000125647101070406              0000000000000000000000000000000000000000000000004300000000000000000000000000001070406                         0000000000000000000000000                                             000011
102021974950001161584870000003760                             82040221177      000                        1421060406                              100406000000000430010400523000000000000125647101070406              0000000000000000000000000000000000000000000000004300000000000000000000000000001070406                         0000000000000000000000000                                             000012
102021974950001161584870000003760                             82040237170      000                        1421060406                              100406000000000860010400523000000000000125647101070406              0000000000000000000000000000000000000000000000008600000000000000000000000000001070406                         0000000000000000000000000                                             000013
102021974950001161584870000003760                             82040238177      000                        1421060406                              100406000000000860010400523000000000000125647101070406              0000000000000000000000000000000000000000000000008600000000000000000000000000001070406                         0000000000000000000000000                                             000014
102021974950001161584870000003760                             82040422172      000                        1421060406                              100406000000000860010400523000000000000125620101070406              0000000000000000000000000000000000000000000000008600000000000000000000000000001070406                         0000000000000000000000000                                             000015
102021974950001161584870000003760                             82040508166      000                        1421060406                              100306000000000860010400523000000000000125647101070406              0000000000000000000000000000000000000000000000008600000000000000000000000000001070406                         0000000000000000000000000                                             000016
102021974950001161584870000003760                             82040528159      000                        1421060406                              150306000000000860010400523000000000000240655100060406              0000000000000000000000000000000000000000000000008882000000000028200000000000001060406                         0000000000000000000000000                                             000017
102021974950001161584870000003760                             82050101174      000                        1421060406                              100406000000000400006500016000000000000270663101070406              0000000000000000000000000000000000000000000000004000000000000000000000000000001070406                         0000000000000000000000000                                             000018
102021974950001161584870000003760                             82050104173      000                        1421060406                              100406000000000400006500016000000000000270663101070406              0000000000000000000000000000000000000000000000004000000000000000000000000000001070406                         0000000000000000000000000                                             000019
102021974950001161584870000003760                             82050129141      000                        1421060406                              100106000000000400010400531000000000000125647101070406              0000000000000000000000000000000000000000000000004428000000000042800000000000001070406                         0000000000000000000000000                                             000020
102021974950001161584870000003760                             82050129150      000                        1421060406                              100206000000000400010400531000000000000125647101070406              0000000000000000000000000000000000000000000000004312000000000031200000000000001070406                         0000000000000000000000000                                             000021
102021974950001161584870000003760                             82050223172      000                        1421060406                              100406000000000400006500016000000000000270663101070406              0000000000000000000000000000000000000000000000004000000000000000000000000000001070406                         0000000000000000000000000                                             000022
102021974950001161584870000003760                             82050235170      000                        1421060406                              100406000000000400010400531000000000000125647101070406              0000000000000000000000000000000000000000000000004000000000000000000000000000001070406                         0000000000000000000000000                                             000023
102021974950001161584870000003760                             82060215164      000                        1421060406                              100406000000000860010421911000000000000125647101070406              0000000000000000000000000000000000000000000000008600000000000000000000000000001070406                         0000000000000000000000000                                             000024
102021974950001161584870000003760                             82060228169      000                        1421060406                              100406000000000860006500016000000000000270663101070406              0000000000000000000000000000000000000000000000008600000000000000000000000000001070406                         0000000000000000000000000                                             000025
102021974950001161584870000003760                             82060229165      000                        1421060406                              100406000000000860006500016000000000000270663101070406              0000000000000000000000000000000000000000000000008600000000000000000000000000001070406                         0000000000000000000000000                                             000026
102021974950001161584870000003760                             82060321169      000                        1421060406                              150406000000000860006500016000000000000270663101070406              0000000000000000000000000000000000000000000000008600000000000000000000000000001070406                         0000000000000000000000000                                             000027
102021974950001161584870000003760                             82060325156      000                        1421060406                              150306000000000860010408761000000000000125647101070406              0000000000000000000000000000000000000000000000008961000000000036100000000000001070406                         0000000000000000000000000                                             000028
102021974950001161584870000003760                             82070228161      000                        1421060406                              100306000000000860010410286000000000000125647101070406              0000000000000000000000000000000000000000000000008799000000000019900000000000001070406                         0000000000000000000000000                                             000029
102021974950001161584870000003760                             82070229176      000                        1421060406                              000000000000000860039928996000000000000270663101070406              0000000000000000000000000000000000000000000000008600000000000000000000000000001070406                         0000000000000000000000000                                             000030
102021974950001161584870000003760                             82070304178      000                        1421060406                              150406000000000860075641796000000000000270663101070406              0000000000000000000000000000000000000000000000008600000000000000000000000000001070406                         0000000000000000000000000                                             000031
102021974950001161584870000003760                             82070521179      000                        1421060406                              150406000000000860000106976000000000000270663101070406              0000000000000000000000000000000000000000000000008600000000000000000000000000001070406                         0000000000000000000000000                                             000032
102021974950001161584870000003760                             82090110166      000                        1421060406                              100306000000000750010400540000000000000125647101070406              0000000000000000000000000000000000000000000000007850000000000035000000000000001070406                         0000000000000000000000000                                             000033
102021974950001161584870000003760                             82090113165      000                        1421060406                              100306000000000750010400540000000000000125647101070406              0000000000000000000000000000000000000000000000007839000000000033900000000000001070406                         0000000000000000000000000                                             000034
102021974950001161584870000003760                             82090322171      000                        1421060406                              100406000000000750010407749000000000000125647101070406              0000000000000000000000000000000000000000000000007500000000000000000000000000001070406                         0000000000000000000000000                                             000035
102021974950001161584870000003760                             82090323178      000                        1421060406                              100406000000000750010400540000000000000125647101070406              0000000000000000000000000000000000000000000000007500000000000000000000000000001070406                         0000000000000000000000000                                             000036
102021974950001161584870000003760                             82090525170      000                        1421060406                              100406000000000375006500016000000000000270663101070406              0000000000000000000000000000000000000000000000003750000000000000000000000000001070406                         0000000000000000000000000                                             000037
102021974950001161584870000003760                             82090917175      000                        1421060406                              100406000000000375006500016000000000000270663101070406              0000000000000000000000000000000000000000000000003750000000000000000000000000001070406                         0000000000000000000000000                                             000038
102021974950001161584870000003760                             82091015175      000                        1421060406                              100406000000000375010408770000000000000125647101070406              0000000000000000000000000000000000000000000000003750000000000000000000000000001070406                         0000000000000000000000000                                             000039
102021974950001161584870000003760                             82091036172      000                        1421060406                              100406000000000750010408770000000000000125647101070406              0000000000000000000000000000000000000000000000007500000000000000000000000000001070406                         0000000000000000000000000                                             000040
102021974950001161584870000003760                             82091203168      000                        1421060406                              100306000000000750010400540000000000000125647101070406              0000000000000000000000000000000000000000000000007839000000000033900000000000001070406                         0000000000000000000000000                                             000041
102021974950001161584870000003760                             82110112150      000                        1421060406                              100306000000000750010407765000000000000125647101070406              0000000000000000000000000000000000000000000000007866000000000036600000000000001070406                         0000000000000000000000000                                             000042
102021974950001161584870000003760                             82110215154      000                        1421060406                              100306000000000450010407765000000000000240655100060406              0000000000000000000000000000000000000000000000004720000000000022000000000000001060406                         0000000000000000000000000                                             000043
102021974950001161584870000003760                             82110335168      000                        1421060406                              100406000000000860010407765000000000000125647101070406              0000000000000000000000000000000000000000000000008600000000000000000000000000001070406                         0000000000000000000000000                                             000044
9201104                                                                                                                                                                                                                                                                                                                                                                                                   000045
