02RETORNO01COBRANCA       1584870000003760    IPAD                          104C ECON FEDERAL 060207                                                                                                                                                                                                                                                                                                 00385000001
102021974950001161584870000003760                             82000050452      000                        1421060207                              000000000000000800039928996000000000000270663101070207              0000000000000000000000000000000000000000000000008000000000000000000000000000001070207                         0000000000000000000000000                                             000002
102021974950001161584870000003760                             82030209174      000                        1421060207                              101206000000000760010409156000000000000240655100060207              0000000000000000000000000000000000000000000000008216000000000061600000000000001060207                         0000000000000000000000000                                             000003
102021974950001161584870000003760                             82030704167      000                        1421060207                              100107000000000760010409148000000000000125647101070207              0000000000000000000000000000000000000000000000007950000000000035000000000000001070207                         0000000000000000000000000                                             000004
102021974950001161584870000003760                             82031022124      000                        1421060207                              300107000000000760010400523000000000000125647101070207              0000000000000000000000000000000000000000000000007760000000000016000000000000001070207                         0000000000000000000000000                                             000005
102021974950001161584870000003760                             82031119144      000                        1421060207                              100207000000000760010424465000000000000125647101070207              0000000000000000000000000000000000000000000000007600000000000000000000000000001070207                         0000000000000000000000000                                             000006
102021974950001161584870000003760                             82031125144      000                        1421060207                              100207000000000760010424465000000000000125647101070207              0000000000000000000000000000000000000000000000007600000000000000000000000000001070207                         0000000000000000000000000                                             000007
102021974950001161584870000003760                             82060929159      000                        1421060207                              101206000000000760010423469000000000000125647101070207              0000000000000000000000000000000000000000000000008193000000000059300000000000001070207                         0000000000000000000000000                                             000008
102021974950001161584870000003760                             82060929167      000                        1421060207                              100107000000000760010423469000000000000125647101070207              0000000000000000000000000000000000000000000000007957000000000035700000000000001070207                         0000000000000000000000000                                             000009
102021974950001161584870000003760                             82060929175      000                        1421060207                              100207000000000760010423469000000000000125647101070207              0000000000000000000000000000000000000000000000007600000000000000000000000000001070207                         0000000000000000000000000                                             000010
102021974950001161584870000003760                             82070603159      000                        1421060207                              251006000000000760010405592000000000000125647101070207              0000000000000000000000000000000000000000000000008562000000000096200000000000001070207                         0000000000000000000000000                                             000011
102021974950001161584870000003760                             82071217139      000                        1421060207                              201206000000000760010400485000000000000240655100060207              0000000000000000000000000000000000000000000000008116000000000051600000000000001060207                         0000000000000000000000000                                             000012
102021974950001161584870000003760                             82071234130      000                        1421060207                              101206000000000760010400485000000000000125647101070207              0000000000000000000000000000000000000000000000007941000000000034100000000000001070207                         0000000000000000000000000                                             000013
102021974950001161584870000003760                             82071329131      000                        1421060207                              100107000000000760010421245000000000000125647101070207              0000000000000000000000000000000000000000000000007948000000000034800000000000001070207                         0000000000000000000000000                                             000014
102021974950001161584870000003760                             82071430126      000                        1421060207                              310107000000000760010421245000000000000125647101070207              0000000000000000000000000000000000000000000000007798000000000019800000000000001070207                         0000000000000000000000000                                             000015
102021974950001161584870000003760                             82071435128      000                        1421060207                              310107000000000760010421245000000000000125647101070207              0000000000000000000000000000000000000000000000007798000000000019800000000000001070207                         0000000000000000000000000                                             000016
102021974950001161584870000003760                             82110630151      000                        1421060207                              100107000000000750010407765000000000000125647101070207              0000000000000000000000000000000000000000000000007866000000000036600000000000001070207                         0000000000000000000000000                                             000017
102021974950001161584870000003760                             82130402154      000                        1421060207                              100207000000000760023705866000000000000270663101070207              0000000000000000000000000000000000000000000000007600000000000000000000000000001070207                         0000000000000000000000000                                             000018
102021974950001161584870000003760                             82130429150      000                        1421060207                              100207000000000760010409148000000000000125647101070207              0000000000000000000000000000000000000000000000007600000000000000000000000000001070207                         0000000000000000000000000                                             000019
102021974950001161584870000003760                             82130431154      000                        1421060207                              100207000000000760010409148000000000000125647101070207              0000000000000000000000000000000000000000000000007600000000000000000000000000001070207                         0000000000000000000000000                                             000020
102021974950001161584870000003760                             82130438140      000                        1421060207                              100207000000000760010407765000000000000125647101070207              0000000000000000000000000000000000000000000000007600000000000000000000000000001070207                         0000000000000000000000000                                             000021
9201104                                                                                                                                                                                                                                                                                                                                                                                                   000022
