02RETORNO01COBRANCA       1584870000003760    IPAD                          104C ECON FEDERAL 070406                                                                                                                                                                                                                                                                                                 00179000001
102021974950001161584870000003760                             82000034252      000                        1421070406                              050306000000000860010410316000000000000125647101100406              0000000000000000000000000000000000000000000000008805000000000020500000000000001100406                         0000000000000000000000000                                             000002
102021974950001161584870000003760                             82000034902      000                        1421070406                              100306000000000750010407765000000000000125647101100406              0000000000000000000000000000000000000000000000007500000000000000000000000000001100406                         0000000000000000000000000                                             000003
102021974950001161584870000003760                             82000034910      000                        1421070406                              100306000000000750010407765000000000000125647101100406              0000000000000000000000000000000000000000000000007500000000000000000000000000001100406                         0000000000000000000000000                                             000004
102021974950001161584870000003760                             82000035550      000                        1421070406                              100306000000000750010407765000000000000125647101100406              0000000000000000000000000000000000000000000000007849000000000034900000000000001100406                         0000000000000000000000000                                             000005
102021974950001161584870000003760                             82010117169      000                        1421070406                              100406000000000750000121296000000000000270663101100406              0000000000000000000000000000000000000000000000007500000000000000000000000000001100406                         0000000000000000000000000                                             000006
102021974950001161584870000003760                             82010202166      000                        1421070406                              100406000000000420006500016000000000000270663101100406              0000000000000000000000000000000000000000000000004200000000000000000000000000001100406                         0000000000000000000000000                                             000007
102021974950001161584870000003760                             82010203154      000                        1421070406                              100306000000000420010414338000000000000125647101100406              0000000000000000000000000000000000000000000000004200000000000000000000000000001100406                         0000000000000000000000000                                             000008
102021974950001161584870000003760                             82010203162      000                        1421070406                              100406000000000420010414338000000000000125647101100406              0000000000000000000000000000000000000000000000004200000000000000000000000000001100406                         0000000000000000000000000                                             000009
102021974950001161584870000003760                             82010219166      000                        1421070406                              100406000000000420010414338000000000000125647101100406              0000000000000000000000000000000000000000000000004200000000000000000000000000001100406                         0000000000000000000000000                                             000010
102021974950001161584870000003760                             82030132163      000                        1421070406                              100406000000000750010424465000000000000125647101100406              0000000000000000000000000000000000000000000000007500000000000000000000000000001100406                         0000000000000000000000000                                             000011
102021974950001161584870000003760                             82030415114      000                        1421070406                              100406000000000760010407757000000000000125647101100406              0000000000000000000000000000000000000000000000007600000000000000000000000000001100406                         0000000000000000000000000                                             000012
102021974950001161584870000003760                             82040107170      000                        1421070406                              100406000000000430010400523000000000000125647101100406              0000000000000000000000000000000000000000000000004300000000000000000000000000001100406                         0000000000000000000000000                                             000013
102021974950001161584870000003760                             82040127170      000                        1421070406                              100406000000000430010400523000000000000125647101100406              0000000000000000000000000000000000000000000000004300000000000000000000000000001100406                         0000000000000000000000000                                             000014
102021974950001161584870000003760                             82040307160      000                        1421070406                              100306000000000360010400523000000000000125647101100406              0000000000000000000000000000000000000000000000003801000000000020100000000000001100406                         0000000000000000000000000                                             000015
102021974950001161584870000003760                             82040315171      000                        1421070406                              100406000000000360006500016000000000000270663101100406              0000000000000000000000000000000000000000000000003600000000000000000000000000001100406                         0000000000000000000000000                                             000016
102021974950001161584870000003760                             82040326173      000                        1421070406                              100406000000000360006500016000000000000270663101100406              0000000000000000000000000000000000000000000000003600000000000000000000000000001100406                         0000000000000000000000000                                             000017
102021974950001161584870000003760                             82040333161      000                        1421070406                              100306000000000360010400523000000000000125647101100406              0000000000000000000000000000000000000000000000003784000000000018400000000000001100406                         0000000000000000000000000                                             000018
102021974950001161584870000003760                             82040408170      000                        1421070406                              100406000000000860010400523000000000000125647101100406              0000000000000000000000000000000000000000000000008600000000000000000000000000001100406                         0000000000000000000000000                                             000019
102021974950001161584870000003760                             82040413130      000                        1421070406                              101205000000000860010400523000000000000240655100070406              0000000000000000000000000000000000000000000000009834000000000123400000000000001070406                         0000000000000000000000000                                             000020
102021974950001161584870000003760                             82040413149      000                        1421070406                              100106000000000860010400523000000000000240655100070406              0000000000000000000000000000000000000000000000009555000000000095500000000000001070406                         0000000000000000000000000                                             000021
102021974950001161584870000003760                             82040413165      000                        1421070406                              100306000000000860010400523000000000000240655100070406              0000000000000000000000000000000000000000000000009024000000000042400000000000001070406                         0000000000000000000000000                                             000022
102021974950001161584870000003760                             82040415176      000                        1421070406                              100406000000000860010400523000000000000125620101100406              0000000000000000000000000000000000000000000000008600000000000000000000000000001100406                         0000000000000000000000000                                             000023
102021974950001161584870000003760                             82040420161      000                        1421070406                              100406000000000860000125646000000000000270663101100406              0000000000000000000000000000000000000000000000008600000000000000000000000000001100406                         0000000000000000000000000                                             000024
102021974950001161584870000003760                             82040508158      000                        1421070406                              100206000000000860010400523000000000000125647101100406              0000000000000000000000000000000000000000000000009220000000000062000000000000001100406                         0000000000000000000000000                                             000025
102021974950001161584870000003760                             82040523165      000                        1421070406                              100306000000000860010400523000000000000125647101100406              0000000000000000000000000000000000000000000000009012000000000041200000000000001100406                         0000000000000000000000000                                             000026
102021974950001161584870000003760                             82040527179      000                        1421070406                              100406000000000860010400523000000000000125647101100406              0000000000000000000000000000000000000000000000008600000000000000000000000000001100406                         0000000000000000000000000                                             000027
102021974950001161584870000003760                             82040623178      000                        1421070406                              100406000000000860075641796000000000000270663101100406              0000000000000000000000000000000000000000000000008600000000000000000000000000001100406                         0000000000000000000000000                                             000028
102021974950001161584870000003760                             82040629133      000                        1421070406                              100406000000000860075641796000000000000270663101100406              0000000000000000000000000000000000000000000000008600000000000000000000000000001100406                         0000000000000000000000000                                             000029
102021974950001161584870000003760                             82040629141      000                        1421070406                              100406000000000860075641796000000000000270663101100406              0000000000000000000000000000000000000000000000008600000000000000000000000000001100406                         0000000000000000000000000                                             000030
102021974950001161584870000003760                             82040629150      000                        1421070406                              100406000000000860075641796000000000000270663101100406              0000000000000000000000000000000000000000000000008600000000000000000000000000001100406                         0000000000000000000000000                                             000031
102021974950001161584870000003760                             82040629168      000                        1421070406                              100406000000000860075641796000000000000270663101100406              0000000000000000000000000000000000000000000000008600000000000000000000000000001100406                         0000000000000000000000000                                             000032
102021974950001161584870000003760                             82040639171      000                        1421070406                              100406000000000860010407730000000000000125647101100406              0000000000000000000000000000000000000000000000008600000000000000000000000000001100406                         0000000000000000000000000                                             000033
102021974950001161584870000003760                             82050106176      000                        1421070406                              100406000000000400006500016000000000000270663101100406              0000000000000000000000000000000000000000000000004000000000000000000000000000001100406                         0000000000000000000000000                                             000034
102021974950001161584870000003760                             82050108179      000                        1421070406                              100406000000000400006500016000000000000270663101100406              0000000000000000000000000000000000000000000000004000000000000000000000000000001100406                         0000000000000000000000000                                             000035
102021974950001161584870000003760                             82050128161      000                        1421070406                              100306000000000400010400531000000000000125647101100406              0000000000000000000000000000000000000000000000004192000000000019200000000000001100406                         0000000000000000000000000                                             000036
102021974950001161584870000003760                             82050128170      000                        1421070406                              100406000000000400010400531000000000000125647101100406              0000000000000000000000000000000000000000000000004000000000000000000000000000001100406                         0000000000000000000000000                                             000037
102021974950001161584870000003760                             82050206170      000                        1421070406                              100406000000000400006500016000000000000270663101100406              0000000000000000000000000000000000000000000000004000000000000000000000000000001100406                         0000000000000000000000000                                             000038
102021974950001161584870000003760                             82050222176      000                        1421070406                              100406000000000400006500016000000000000270663101100406              0000000000000000000000000000000000000000000000004000000000000000000000000000001100406                         0000000000000000000000000                                             000039
102021974950001161584870000003760                             82050226171      000                        1421070406                              100406000000000400007347476000000000000270663101100406              0000000000000000000000000000000000000000000000004000000000000000000000000000001100406                         0000000000000000000000000                                             000040
102021974950001161584870000003760                             82050229170      000                        1421070406                              100406000000000400006500016000000000000270663101100406              0000000000000000000000000000000000000000000000004000000000000000000000000000001100406                         0000000000000000000000000                                             000041
102021974950001161584870000003760                             82050318173      000                        1421070406                              100406000000000860010427782000000000000125647101100406              0000000000000000000000000000000000000000000000008600000000000000000000000000001100406                         0000000000000000000000000                                             000042
102021974950001161584870000003760                             82050327172      000                        1421070406                              100406000000000860010427782000000000000125647101100406              0000000000000000000000000000000000000000000000008600000000000000000000000000001100406                         0000000000000000000000000                                             000043
102021974950001161584870000003760                             82060231160      000                        1421070406                              100406000000000860006500016000000000000270663101100406              0000000000000000000000000000000000000000000000008600000000000000000000000000001100406                         0000000000000000000000000                                             000044
102021974950001161584870000003760                             82060322165      000                        1421070406                              000000000000000860039928996000000000000270663101100406              0000000000000000000000000000000000000000000000008600000000000000000000000000001100406                         0000000000000000000000000                                             000045
102021974950001161584870000003760                             82060327167      000                        1421070406                              150406000000000860006500016000000000000270663101100406              0000000000000000000000000000000000000000000000008600000000000000000000000000001100406                         0000000000000000000000000                                             000046
102021974950001161584870000003760                             82070110179      000                        1421070406                              100406000000000860023729926000000000000270663101100406              0000000000000000000000000000000000000000000000008600000000000000000000000000001100406                         0000000000000000000000000                                             000047
102021974950001161584870000003760                             82070230174      000                        1421070406                              100406000000000860006500016000000000000270663101100406              0000000000000000000000000000000000000000000000008600000000000000000000000000001100406                         0000000000000000000000000                                             000048
102021974950001161584870000003760                             82070425170      000                        1421070406                              150406000000000860010410286000000000000125647101100406              0000000000000000000000000000000000000000000000008600000000000000000000000000001100406                         0000000000000000000000000                                             000049
102021974950001161584870000003760                             82070523163      000                        1421070406                              150306000000000860010409440000000000000125647101100406              0000000000000000000000000000000000000000000000008979000000000037900000000000001100406                         0000000000000000000000000                                             000050
102021974950001161584870000003760                             82070523171      000                        1421070406                              150406000000000860010409440000000000000125647101100406              0000000000000000000000000000000000000000000000008600000000000000000000000000001100406                         0000000000000000000000000                                             000051
102021974950001161584870000003760                             82090229171      000                        1421070406                              100406000000000750010412424000000000000125647101100406              0000000000000000000000000000000000000000000000007500000000000000000000000000001100406                         0000000000000000000000000                                             000052
102021974950001161584870000003760                             82090315167      000                        1421070406                              100306000000000750010407749000000000000125647101100406              0000000000000000000000000000000000000000000000007671000000000017100000000000001100406                         0000000000000000000000000                                             000053
102021974950001161584870000003760                             82090333173      000                        1421070406                              100406000000000750007347476000000000000270663101100406              0000000000000000000000000000000000000000000000007500000000000000000000000000001100406                         0000000000000000000000000                                             000054
102021974950001161584870000003760                             82090526168      000                        1421070406                              100306000000000750010408770000000000000125647101100406              0000000000000000000000000000000000000000000000007864000000000036400000000000001100406                         0000000000000000000000000                                             000055
102021974950001161584870000003760                             82090611173      000                        1421070406                              100406000000000375010408770000000000000125647101100406              0000000000000000000000000000000000000000000000003750000000000000000000000000001100406                         0000000000000000000000000                                             000056
102021974950001161584870000003760                             82090613176      000                        1421070406                              100406000000000375006500016000000000000270663101100406              0000000000000000000000000000000000000000000000003750000000000000000000000000001100406                         0000000000000000000000000                                             000057
102021974950001161584870000003760                             82090632120      000                        1421070406                              100406000000000375010408770000000000000125647101100406              0000000000000000000000000000000000000000000000003750000000000000000000000000001100406                         0000000000000000000000000                                             000058
102021974950001161584870000003760                             82090632138      000                        1421070406                              100406000000000375010408770000000000000125647101100406              0000000000000000000000000000000000000000000000003750000000000000000000000000001100406                         0000000000000000000000000                                             000059
102021974950001161584870000003760                             82090908176      000                        1421070406                              100406000000000750010408770000000000000125647101100406              0000000000000000000000000000000000000000000000007500000000000000000000000000001100406                         0000000000000000000000000                                             000060
102021974950001161584870000003760                             82090928177      000                        1421070406                              100406000000000375010408770000000000000125647101100406              0000000000000000000000000000000000000000000000003750000000000000000000000000001100406                         0000000000000000000000000                                             000061
102021974950001161584870000003760                             82090937176      000                        1421070406                              100406000000000375010408770000000000000125647101100406              0000000000000000000000000000000000000000000000003750000000000000000000000000001100406                         0000000000000000000000000                                             000062
102021974950001161584870000003760                             82091007172      000                        1421070406                              100406000000000375010408770000000000000125647101100406              0000000000000000000000000000000000000000000000003750000000000000000000000000001100406                         0000000000000000000000000                                             000063
102021974950001161584870000003760                             82091026177      000                        1421070406                              100406000000000375006500016000000000000270663101100406              0000000000000000000000000000000000000000000000003750000000000000000000000000001100406                         0000000000000000000000000                                             000064
102021974950001161584870000003760                             82091109161      000                        1421070406                              100306000000000750010408770000000000000125647101100406              0000000000000000000000000000000000000000000000007860000000000036000000000000001100406                         0000000000000000000000000                                             000065
102021974950001161584870000003760                             82091209158      000                        1421070406                              100206000000000750010400540000000000000125647101100406              0000000000000000000000000000000000000000000000008063000000000056300000000000001100406                         0000000000000000000000000                                             000066
102021974950001161584870000003760                             82110204160      000                        1421070406                              100406000000000450010407765000000000000125620101100406              0000000000000000000000000000000000000000000000004500000000000000000000000000001100406                         0000000000000000000000000                                             000067
102021974950001161584870000003760                             82110303169      000                        1421070406                              100406000000000860010407765000000000000125647101100406              0000000000000000000000000000000000000000000000008600000000000000000000000000001100406                         0000000000000000000000000                                             000068
102021974950001161584870000003760                             82110305153      000                        1421070406                              100306000000000860010407765000000000000125647101100406              0000000000000000000000000000000000000000000000009024000000000042400000000000001100406                         0000000000000000000000000                                             000069
102021974950001161584870000003760                             82110316163      000                        1421070406                              100406000000000860006500016000000000000270663101100406              0000000000000000000000000000000000000000000000008600000000000000000000000000001100406                         0000000000000000000000000                                             000070
102021974950001161584870000003760                             82120128173      000                        1421070406                              100406000000000650010421245000000000000125647101100406              0000000000000000000000000000000000000000000000006500000000000000000000000000001100406                         0000000000000000000000000                                             000071
102021974950001161584870000003760                             82120132170      000                        1421070406                              100406000000000650007347476000000000000270663101100406              0000000000000000000000000000000000000000000000006500000000000000000000000000001100406                         0000000000000000000000000                                             000072
9201104                                                                                                                                                                                                                                                                                                                                                                                                   000073
