02RETORNO01COBRANCA       1584870000003760    IPAD                          104C ECON FEDERAL 070306                                                                                                                                                                                                                                                                                                 00156000001
102021974950001161584870000003760                             82000033698      000                        1421070306                              050306000000000860010410286000000000000125647101080306              0000000000000000000000000000000000000000000000008792000000000019200000000000001080306                         0000000000000000000000000                                             000002
102021974950001161584870000003760                             82000035674      000                        1421070306                              150306000000000860010409156000000000000125647101080306              0000000000000000000000000000000000000000000000008600000000000000000000000000001080306                         0000000000000000000000000                                             000003
102021974950001161584870000003760                             82000035828      000                        1421070306                              150306000000000860010409156000000000000125620101080306              0000000000000000000000000000000000000000000000008600000000000000000000000000001080306                         0000000000000000000000000                                             000004
102021974950001161584870000003760                             82000035836      000                        1421070306                              150306000000000860010409156000000000000125620101080306              0000000000000000000000000000000000000000000000008600000000000000000000000000001080306                         0000000000000000000000000                                             000005
102021974950001161584870000003760                             82010110156      000                        1421070306                              100306000000000750000121296000000000000270663101080306              0000000000000000000000000000000000000000000000007500000000000000000000000000001080306                         0000000000000000000000000                                             000006
102021974950001161584870000003760                             82010127156      000                        1421070306                              100306000000000750006500016000000000000270663101080306              0000000000000000000000000000000000000000000000007500000000000000000000000000001080306                         0000000000000000000000000                                             000007
102021974950001161584870000003760                             82010130157      000                        1421070306                              100306000000000750006500016000000000000270663101080306              0000000000000000000000000000000000000000000000007500000000000000000000000000001080306                         0000000000000000000000000                                             000008
102021974950001161584870000003760                             82010223147      000                        1421070306                              100206000000000420010414338000000000000125647101080306              0000000000000000000000000000000000000000000000004389000000000018900000000000001080306                         0000000000000000000000000                                             000009
102021974950001161584870000003760                             82010223155      000                        1421070306                              100306000000000420023725426000000000000270663101080306              0000000000000000000000000000000000000000000000004200000000000000000000000000001080306                         0000000000000000000000000                                             000010
102021974950001161584870000003760                             82010227150      000                        1421070306                              100306000000000420000117546000000000000270663101080306              0000000000000000000000000000000000000000000000004200000000000000000000000000001080306                         0000000000000000000000000                                             000011
102021974950001161584870000003760                             82030103155      000                        1421070306                              100306000000000750000109176000000000000270663101080306              0000000000000000000000000000000000000000000000007500000000000000000000000000001080306                         0000000000000000000000000                                             000012
102021974950001161584870000003760                             82030109153      000                        1421070306                              100306000000000750000109176000000000000270663101080306              0000000000000000000000000000000000000000000000007500000000000000000000000000001080306                         0000000000000000000000000                                             000013
102021974950001161584870000003760                             82030110151      000                        1421070306                              100306000000000750010424465000000000000125647101080306              0000000000000000000000000000000000000000000000007500000000000000000000000000001080306                         0000000000000000000000000                                             000014
102021974950001161584870000003760                             82040103166      000                        1421070306                              100306000000000430075641796000000000000270663101080306              0000000000000000000000000000000000000000000000004300000000000000000000000000001080306                         0000000000000000000000000                                             000015
102021974950001161584870000003760                             82040110162      000                        1421070306                              100306000000000430075641796000000000000270663101080306              0000000000000000000000000000000000000000000000004300000000000000000000000000001080306                         0000000000000000000000000                                             000016
102021974950001161584870000003760                             82040112165      000                        1421070306                              100306000000000430010400523000000000000125647101080306              0000000000000000000000000000000000000000000000004300000000000000000000000000001080306                         0000000000000000000000000                                             000017
102021974950001161584870000003760                             82040126166      000                        1421070306                              100306000000000860006500016000000000000270663101080306              0000000000000000000000000000000000000000000000008600000000000000000000000000001080306                         0000000000000000000000000                                             000018
102021974950001161584870000003760                             82040128169      000                        1421070306                              100306000000000430010400523000000000000125647101080306              0000000000000000000000000000000000000000000000004300000000000000000000000000001080306                         0000000000000000000000000                                             000019
102021974950001161584870000003760                             82040201168      000                        1421070306                              100306000000000430075641796000000000000270663101080306              0000000000000000000000000000000000000000000000004300000000000000000000000000001080306                         0000000000000000000000000                                             000020
102021974950001161584870000003760                             82040204167      000                        1421070306                              100306000000000860010400523000000000000125647101080306              0000000000000000000000000000000000000000000000008600000000000000000000000000001080306                         0000000000000000000000000                                             000021
102021974950001161584870000003760                             82040205163      000                        1421070306                              100306000000000430075641796000000000000270663101080306              0000000000000000000000000000000000000000000000004300000000000000000000000000001080306                         0000000000000000000000000                                             000022
102021974950001161584870000003760                             82040221169      000                        1421070306                              100306000000000430010400523000000000000125647101080306              0000000000000000000000000000000000000000000000004300000000000000000000000000001080306                         0000000000000000000000000                                             000023
102021974950001161584870000003760                             82040223161      000                        1421070306                              100306000000000430006500016000000000000270663101080306              0000000000000000000000000000000000000000000000004300000000000000000000000000001080306                         0000000000000000000000000                                             000024
102021974950001161584870000003760                             82040230168      000                        1421070306                              100306000000000430010400523000000000000125647101080306              0000000000000000000000000000000000000000000000004300000000000000000000000000001080306                         0000000000000000000000000                                             000025
102021974950001161584870000003760                             82040233167      000                        1421070306                              100306000000000430006500016000000000000270663101080306              0000000000000000000000000000000000000000000000004300000000000000000000000000001080306                         0000000000000000000000000                                             000026
102021974950001161584870000003760                             82040321155      000                        1421070306                              100206000000000360010400523000000000000125647101080306              0000000000000000000000000000000000000000000000003772000000000017200000000000001080306                         0000000000000000000000000                                             000027
102021974950001161584870000003760                             82040420153      000                        1421070306                              100306000000000860000125646000000000000270663101080306              0000000000000000000000000000000000000000000000008600000000000000000000000000001080306                         0000000000000000000000000                                             000028
102021974950001161584870000003760                             82050127165      000                        1421070306                              100306000000000400006500016000000000000270663101080306              0000000000000000000000000000000000000000000000004000000000000000000000000000001080306                         0000000000000000000000000                                             000029
102021974950001161584870000003760                             82050203163      000                        1421070306                              100306000000000400002410676000000000000270663101080306              0000000000000000000000000000000000000000000000004000000000000000000000000000001080306                         0000000000000000000000000                                             000030
102021974950001161584870000003760                             82050206162      000                        1421070306                              100306000000000400000102326000000000000270663101080306              0000000000000000000000000000000000000000000000004000000000000000000000000000001080306                         0000000000000000000000000                                             000031
102021974950001161584870000003760                             82050223164      000                        1421070306                              100306000000000400006500016000000000000270663101080306              0000000000000000000000000000000000000000000000004000000000000000000000000000001080306                         0000000000000000000000000                                             000032
102021974950001161584870000003760                             82050229162      000                        1421070306                              100306000000000400000102326000000000000270663101080306              0000000000000000000000000000000000000000000000004000000000000000000000000000001080306                         0000000000000000000000000                                             000033
102021974950001161584870000003760                             82050306167      000                        1421070306                              100306000000000860010427782000000000000125647101080306              0000000000000000000000000000000000000000000000008600000000000000000000000000001080306                         0000000000000000000000000                                             000034
102021974950001161584870000003760                             82050318165      000                        1421070306                              100306000000000860010427782000000000000125647101080306              0000000000000000000000000000000000000000000000008600000000000000000000000000001080306                         0000000000000000000000000                                             000035
102021974950001161584870000003760                             82050329167      000                        1421070306                              100306000000000860006500016000000000000270663101080306              0000000000000000000000000000000000000000000000008600000000000000000000000000001080306                         0000000000000000000000000                                             000036
102021974950001161584870000003760                             82060113167      000                        1421070306                              150206000000000860010430171000000000000125647101080306              0000000000000000000000000000000000000000000000008600000000000000000000000000001080306                         0000000000000000000000000                                             000037
102021974950001161584870000003760                             82060113175      000                        1421070306                              150306000000000860010430171000000000000125647101080306              0000000000000000000000000000000000000000000000008600000000000000000000000000001080306                         0000000000000000000000000                                             000038
102021974950001161584870000003760                             82060120147      000                        1421070306                              100306000000000860006500016000000000000270663101080306              0000000000000000000000000000000000000000000000008600000000000000000000000000001080306                         0000000000000000000000000                                             000039
102021974950001161584870000003760                             82060228150      000                        1421070306                              100306000000000860075641796000000000000270663101080306              0000000000000000000000000000000000000000000000008600000000000000000000000000001080306                         0000000000000000000000000                                             000040
102021974950001161584870000003760                             82060229157      000                        1421070306                              100306000000000860075641796000000000000270663101080306              0000000000000000000000000000000000000000000000008600000000000000000000000000001080306                         0000000000000000000000000                                             000041
102021974950001161584870000003760                             82060321150      000                        1421070306                              150306000000000860006500016000000000000270663101080306              0000000000000000000000000000000000000000000000008600000000000000000000000000001080306                         0000000000000000000000000                                             000042
102021974950001161584870000003760                             82060322157      000                        1421070306                              150306000000000860010408761000000000000125647101080306              0000000000000000000000000000000000000000000000008600000000000000000000000000001080306                         0000000000000000000000000                                             000043
102021974950001161584870000003760                             82060323153      000                        1421070306                              150306000000000860010408761000000000000125647101080306              0000000000000000000000000000000000000000000000008600000000000000000000000000001080306                         0000000000000000000000000                                             000044
102021974950001161584870000003760                             82060336131      000                        1421070306                              150106000000000860010408761000000000000125647101080306              0000000000000000000000000000000000000000000000009210000000000061000000000000001080306                         0000000000000000000000000                                             000045
102021974950001161584870000003760                             82070127160      000                        1421070306                              100306000000000860075641796000000000000270663101080306              0000000000000000000000000000000000000000000000008600000000000000000000000000001080306                         0000000000000000000000000                                             000046
102021974950001161584870000003760                             82070129163      000                        1421070306                              100306000000000860006500016000000000000270663101080306              0000000000000000000000000000000000000000000000008600000000000000000000000000001080306                         0000000000000000000000000                                             000047
102021974950001161584870000003760                             82070210165      000                        1421070306                              100306000000000860075641796000000000000270663101080306              0000000000000000000000000000000000000000000000008600000000000000000000000000001080306                         0000000000000000000000000                                             000048
102021974950001161584870000003760                             82070214160      000                        1421070306                              100306000000000860006500016000000000000270663101080306              0000000000000000000000000000000000000000000000008600000000000000000000000000001080306                         0000000000000000000000000                                             000049
102021974950001161584870000003760                             82070214179      000                        1421070306                              100406000000000860006500016000000000000270663101080306              0000000000000000000000000000000000000000000000008600000000000000000000000000001080306                         0000000000000000000000000                                             000050
102021974950001161584870000003760                             82070326163      000                        1421070306                              150306000000000860006500016000000000000270663101080306              0000000000000000000000000000000000000000000000008600000000000000000000000000001080306                         0000000000000000000000000                                             000051
102021974950001161584870000003760                             82070408151      000                        1421070306                              150206000000000860010430171000000000000125647101080306              0000000000000000000000000000000000000000000000008944000000000034400000000000001080306                         0000000000000000000000000                                             000052
102021974950001161584870000003760                             82070507150      000                        1421070306                              150206000000000860010409237000000000000125647101080306              0000000000000000000000000000000000000000000000008944000000000034400000000000001080306                         0000000000000000000000000                                             000053
102021974950001161584870000003760                             82070509160      000                        1421070306                              000000000000000860039928996000000000000270663101080306              0000000000000000000000000000000000000000000000008600000000000000000000000000001080306                         0000000000000000000000000                                             000054
102021974950001161584870000003760                             82090110158      000                        1421070306                              100206000000000750010400540000000000000125647101080306              0000000000000000000000000000000000000000000000007837000000000033700000000000001080306                         0000000000000000000000000                                             000055
102021974950001161584870000003760                             82090130167      000                        1421070306                              100306000000000750075641796000000000000270663101080306              0000000000000000000000000000000000000000000000007500000000000000000000000000001080306                         0000000000000000000000000                                             000056
102021974950001161584870000003760                             82090208158      000                        1421070306                              100206000000000750010412424000000000000125647101080306              0000000000000000000000000000000000000000000000007837000000000033700000000000001080306                         0000000000000000000000000                                             000057
102021974950001161584870000003760                             82090231150      000                        1421070306                              100206000000000750010412424000000000000125647101080306              0000000000000000000000000000000000000000000000007837000000000033700000000000001080306                         0000000000000000000000000                                             000058
102021974950001161584870000003760                             82090307156      000                        1421070306                              100206000000000750010407749000000000000125647101080306              0000000000000000000000000000000000000000000000007825000000000032500000000000001080306                         0000000000000000000000000                                             000059
102021974950001161584870000003760                             82090319162      000                        1421070306                              100306000000000750075641796000000000000270663101080306              0000000000000000000000000000000000000000000000007500000000000000000000000000001080306                         0000000000000000000000000                                             000060
102021974950001161584870000003760                             82090431167      000                        1421070306                              100306000000000750075641796000000000000270663101080306              0000000000000000000000000000000000000000000000007500000000000000000000000000001080306                         0000000000000000000000000                                             000061
102021974950001161584870000003760                             82090503168      000                        1421070306                              100306000000000375010408770000000000000125647101080306              0000000000000000000000000000000000000000000000003750000000000000000000000000001080306                         0000000000000000000000000                                             000062
102021974950001161584870000003760                             82090509158      000                        1421070306                              100206000000000375010408770000000000000240655100070306              0000000000000000000000000000000000000000000000003919000000000016900000000000001070306                         0000000000000000000000000                                             000063
102021974950001161584870000003760                             82090904162      000                        1421070306                              100306000000000750010408770000000000000125647101080306              0000000000000000000000000000000000000000000000007500000000000000000000000000001080306                         0000000000000000000000000                                             000064
102021974950001161584870000003760                             82090923167      000                        1421070306                              100306000000000750010408770000000000000125647101080306              0000000000000000000000000000000000000000000000007500000000000000000000000000001080306                         0000000000000000000000000                                             000065
102021974950001161584870000003760                             82091013148      000                        1421070306                              100106000000000375010408770000000000000125647101080306              0000000000000000000000000000000000000000000000003993000000000024300000000000001080306                         0000000000000000000000000                                             000066
102021974950001161584870000003760                             82091013156      000                        1421070306                              100206000000000375010408770000000000000125647101080306              0000000000000000000000000000000000000000000000003900000000000015000000000000001080306                         0000000000000000000000000                                             000067
102021974950001161584870000003760                             82091108165      000                        1421070306                              100306000000000750010408770000000000000125647101080306              0000000000000000000000000000000000000000000000007500000000000000000000000000001080306                         0000000000000000000000000                                             000068
102021974950001161584870000003760                             82091207163      000                        1421070306                              100306000000000750010400540000000000000125647101080306              0000000000000000000000000000000000000000000000007500000000000000000000000000001080306                         0000000000000000000000000                                             000069
102021974950001161584870000003760                             82091210164      000                        1421070306                              100306000000000750010400540000000000000125647101080306              0000000000000000000000000000000000000000000000007500000000000000000000000000001080306                         0000000000000000000000000                                             000070
102021974950001161584870000003760                             82110222142      000                        1421070306                              100206000000000450010407765000000000000240655100070306              0000000000000000000000000000000000000000000000004595000000000009500000000000001070306                         0000000000000000000000000                                             000071
102021974950001161584870000003760                             82110224145      000                        1421070306                              100206000000000450010407765000000000000240655100070306              0000000000000000000000000000000000000000000000004595000000000009500000000000001070306                         0000000000000000000000000                                             000072
102021974950001161584870000003760                             82110326150      000                        1421070306                              100306000000000860010407765000000000000125647101080306              0000000000000000000000000000000000000000000000008600000000000000000000000000001080306                         0000000000000000000000000                                             000073
102021974950001161584870000003760                             82110331154      000                        1421070306                              100306000000000860010407765000000000000125647101080306              0000000000000000000000000000000000000000000000008600000000000000000000000000001080306                         0000000000000000000000000                                             000074
102021974950001161584870000003760                             82110335150      000                        1421070306                              100306000000000860010407765000000000000125647101080306              0000000000000000000000000000000000000000000000008600000000000000000000000000001080306                         0000000000000000000000000                                             000075
102021974950001161584870000003760                             82120110169      000                        1421070306                              100306000000000650007347476000000000000270663101080306              0000000000000000000000000000000000000000000000006500000000000000000000000000001080306                         0000000000000000000000000                                             000076
102021974950001161584870000003760                             82120119158      000                        1421070306                              100206000000000650010421245000000000000125647101080306              0000000000000000000000000000000000000000000000006793000000000029300000000000001080306                         0000000000000000000000000                                             000077
102021974950001161584870000003760                             82120128165      000                        1421070306                              100306000000000650007347476000000000000270663101080306              0000000000000000000000000000000000000000000000006500000000000000000000000000001080306                         0000000000000000000000000                                             000078
102021974950001161584870000003760                             82130109171      000                        1421070306                              100306000000000860006500016000000000000270663101080306              0000000000000000000000000000000000000000000000008600000000000000000000000000001080306                         0000000000000000000000000                                             000079
102021974950001161584870000003760                             82130115171      000                        1421070306                              100306000000000860010409148000000000000125647101080306              0000000000000000000000000000000000000000000000008600000000000000000000000000001080306                         0000000000000000000000000                                             000080
102021974950001161584870000003760                             82130126173      000                        1421070306                              100306000000000860006500016000000000000270663101080306              0000000000000000000000000000000000000000000000008600000000000000000000000000001080306                         0000000000000000000000000                                             000081
102021974950001161584870000003760                             82130308174      000                        1421070306                              100306000000000860075641796000000000000270663101080306              0000000000000000000000000000000000000000000000008600000000000000000000000000001080306                         0000000000000000000000000                                             000082
102021974950001161584870000003760                             82130314174      000                        1421070306                              100306000000000860075641796000000000000270663101080306              0000000000000000000000000000000000000000000000008600000000000000000000000000001080306                         0000000000000000000000000                                             000083
9201104                                                                                                                                                                                                                                                                                                                                                                                                   000084
