02RETORNO01COBRANCA       1584870000003760    IPAD                          104C ECON FEDERAL 070806                                                                                                                                                                                                                                                                                                 00261000001
102021974950001161584870000003760                             82000041127      000                        1421070806                              000000000000000760039928996000000000000270663101080806              0000000000000000000000000000000000000000000000007600000000000000000000000000001080806                         0000000000000000000000000                                             000002
102021974950001161584870000003760                             82000046102      000                        1421070806                              000000000000000760010421245000000000000125647101080806              0000000000000000000000000000000000000000000000007600000000000000000000000000001080806                         0000000000000000000000000                                             000003
102021974950001161584870000003760                             82000046170      000                        1421070806                              000000000000000760010421245000000000000125647101080806              0000000000000000000000000000000000000000000000007600000000000000000000000000001080806                         0000000000000000000000000                                             000004
102021974950001161584870000003760                             82000046269      000                        1421070806                              000000000000000760010421245000000000000125647101080806              0000000000000000000000000000000000000000000000007600000000000000000000000000001080806                         0000000000000000000000000                                             000005
102021974950001161584870000003760                             82000046323      000                        1421070806                              000000000000000760010421245000000000000125647101080806              0000000000000000000000000000000000000000000000007600000000000000000000000000001080806                         0000000000000000000000000                                             000006
102021974950001161584870000003760                             82000046340      000                        1421070806                              000000000000000760000139246000000000000270663101080806              0000000000000000000000000000000000000000000000007600000000000000000000000000001080806                         0000000000000000000000000                                             000007
102021974950001161584870000003760                             82000046382      000                        1421070806                              000000000000000760010421245000000000000125647101080806              0000000000000000000000000000000000000000000000007600000000000000000000000000001080806                         0000000000000000000000000                                             000008
102021974950001161584870000003760                             82010312131      000                        1421070806                              100806000000000660010409148000000000000125647101080806              0000000000000000000000000000000000000000000000006600000000000000000000000000001080806                         0000000000000000000000000                                             000009
102021974950001161584870000003760                             82010317133      000                        1421070806                              100806000000000660006500016000000000000270663101080806              0000000000000000000000000000000000000000000000006600000000000000000000000000001080806                         0000000000000000000000000                                             000010
102021974950001161584870000003760                             82030320148      000                        1421070806                              300606000000000860010409156000000000000125647101080806              0000000000000000000000000000000000000000000000009156000000000055600000000000001080806                         0000000000000000000000000                                             000011
102021974950001161584870000003760                             82030545123      000                        1421070806                              150806000000000760006500016000000000000270663101080806              0000000000000000000000000000000000000000000000007600000000000000000000000000001080806                         0000000000000000000000000                                             000012
102021974950001161584870000003760                             82030707115      000                        1421070806                              100806000000000760010409148000000000000125647101080806              0000000000000000000000000000000000000000000000007600000000000000000000000000001080806                         0000000000000000000000000                                             000013
102021974950001161584870000003760                             82030724117      000                        1421070806                              000000000000000760039928996000000000000270663101080806              0000000000000000000000000000000000000000000000007600000000000000000000000000001080806                         0000000000000000000000000                                             000014
102021974950001161584870000003760                             82030729119      000                        1421070806                              100806000000000760023736886000000000000270663101080806              0000000000000000000000000000000000000000000000007600000000000000000000000000001080806                         0000000000000000000000000                                             000015
102021974950001161584870000003760                             82030734112      000                        1421070806                              100806000000000760000111126000000000000270663101080806              0000000000000000000000000000000000000000000000007600000000000000000000000000001080806                         0000000000000000000000000                                             000016
102021974950001161584870000003760                             82030902120      000                        1421070806                              100806000000000760074500016000000000000270663101080806              0000000000000000000000000000000000000000000000007600000000000000000000000000001080806                         0000000000000000000000000                                             000017
102021974950001161584870000003760                             82030908129      000                        1421070806                              100806000000000760000122296000000000000270663101080806              0000000000000000000000000000000000000000000000007600000000000000000000000000001080806                         0000000000000000000000000                                             000018
102021974950001161584870000003760                             82030914129      000                        1421070806                              100806000000000760010407757000000000000125647101080806              0000000000000000000000000000000000000000000000007600000000000000000000000000001080806                         0000000000000000000000000                                             000019
102021974950001161584870000003760                             82030915125      000                        1421070806                              100806000000000760007347476000000000000270663101080806              0000000000000000000000000000000000000000000000007600000000000000000000000000001080806                         0000000000000000000000000                                             000020
102021974950001161584870000003760                             82030923128      000                        1421070806                              100806000000000760074500016000000000000270663101080806              0000000000000000000000000000000000000000000000007600000000000000000000000000001080806                         0000000000000000000000000                                             000021
102021974950001161584870000003760                             82030925120      000                        1421070806                              100806000000000760010407757000000000000125647101080806              0000000000000000000000000000000000000000000000007600000000000000000000000000001080806                         0000000000000000000000000                                             000022
102021974950001161584870000003760                             82030932127      000                        1421070806                              100806000000000760010407757000000000000125647101080806              0000000000000000000000000000000000000000000000007600000000000000000000000000001080806                         0000000000000000000000000                                             000023
102021974950001161584870000003760                             82060410129      000                        1421070806                              100806000000000760006500016000000000000270663101080806              0000000000000000000000000000000000000000000000007600000000000000000000000000001080806                         0000000000000000000000000                                             000024
102021974950001161584870000003760                             82060413128      000                        1421070806                              000000000000000760039928996000000000000270663101080806              0000000000000000000000000000000000000000000000007600000000000000000000000000001080806                         0000000000000000000000000                                             000025
102021974950001161584870000003760                             82060502120      000                        1421070806                              100806000000000760010409440000000000000125647101080806              0000000000000000000000000000000000000000000000007600000000000000000000000000001080806                         0000000000000000000000000                                             000026
102021974950001161584870000003760                             82060510123      000                        1421070806                              100806000000000760010400485000000000000125647101080806              0000000000000000000000000000000000000000000000007600000000000000000000000000001080806                         0000000000000000000000000                                             000027
102021974950001161584870000003760                             82060528120      000                        1421070806                              100806000000000760010409172000000000000125647101080806              0000000000000000000000000000000000000000000000007600000000000000000000000000001080806                         0000000000000000000000000                                             000028
102021974950001161584870000003760                             82060709159      000                        1421070806                              150806000000000860010410308000000000000125647101080806              0000000000000000000000000000000000000000000000008600000000000000000000000000001080806                         0000000000000000000000000                                             000029
102021974950001161584870000003760                             82060711153      000                        1421070806                              150806000000000860010400469000000000000125647101080806              0000000000000000000000000000000000000000000000008600000000000000000000000000001080806                         0000000000000000000000000                                             000030
102021974950001161584870000003760                             82060720152      000                        1421070806                              150806000000000860010400469000000000000125647101080806              0000000000000000000000000000000000000000000000008600000000000000000000000000001080806                         0000000000000000000000000                                             000031
102021974950001161584870000003760                             82060721132      000                        1421070806                              150706000000000860010410308000000000000125647101080806              0000000000000000000000000000000000000000000000008803000000000020300000000000001080806                         0000000000000000000000000                                             000032
102021974950001161584870000003760                             82060901114      000                        1421070806                              100706000000000760010430171000000000000125647101080806              0000000000000000000000000000000000000000000000007950000000000035000000000000001080806                         0000000000000000000000000                                             000033
102021974950001161584870000003760                             82060915123      000                        1421070806                              100806000000000760010430171000000000000125647101080806              0000000000000000000000000000000000000000000000007600000000000000000000000000001080806                         0000000000000000000000000                                             000034
102021974950001161584870000003760                             82060917126      000                        1421070806                              100806000000000760006500016000000000000270663101080806              0000000000000000000000000000000000000000000000007600000000000000000000000000001080806                         0000000000000000000000000                                             000035
102021974950001161584870000003760                             82090920176      000                        1421070806                              300706000000000375010412424000000000000125647101080806              0000000000000000000000000000000000000000000000003855000000000010500000000000001080806                         0000000000000000000000000                                             000036
102021974950001161584870000003760                             82091021167      000                        1421070806                              300706000000000750010408770000000000000125647101080806              0000000000000000000000000000000000000000000000007670000000000017000000000000001080806                         0000000000000000000000000                                             000037
102021974950001161584870000003760                             82091021175      000                        1421070806                              300706000000000750010408770000000000000125647101080806              0000000000000000000000000000000000000000000000007670000000000017000000000000001080806                         0000000000000000000000000                                             000038
102021974950001161584870000003760                             82110609144      000                        1421070806                              250706000000000750010407765000000000000125647101080806              0000000000000000000000000000000000000000000000007738000000000023800000000000001080806                         0000000000000000000000000                                             000039
102021974950001161584870000003760                             82110806152      000                        1421070806                              200806000000000750006500016000000000000270663101080806              0000000000000000000000000000000000000000000000007500000000000000000000000000001080806                         0000000000000000000000000                                             000040
102021974950001161584870000003760                             82110808147      000                        1421070806                              250706000000000750010407765000000000000125647101080806              0000000000000000000000000000000000000000000000007730000000000023000000000000001080806                         0000000000000000000000000                                             000041
9201104                                                                                                                                                                                                                                                                                                                                                                                                   000042
