02RETORNO01COBRANCA       1584870000003760    IPAD                          104C ECON FEDERAL 060306                                                                                                                                                                                                                                                                                                 00155000001
102021974950001161584870000003760                             82000032985      000                        1421060306                              050306000000000860075641796000000000000270663101070306              0000000000000000000000000000000000000000000000008600000000000000000000000000001070306                         0000000000000000000000000                                             000002
102021974950001161584870000003760                             82000032993      000                        1421060306                              050306000000000860010415830000000000000240655100060306              0000000000000000000000000000000000000000000000008600000000000000000000000000001060306                         0000000000000000000000000                                             000003
102021974950001161584870000003760                             82000034350      000                        1421060306                              050306000000000860010400469000000000000125647101070306              0000000000000000000000000000000000000000000000008600000000000000000000000000001070306                         0000000000000000000000000                                             000004
102021974950001161584870000003760                             82000035666      000                        1421060306                              150306000000000860010409156000000000000125647101070306              0000000000000000000000000000000000000000000000008600000000000000000000000000001070306                         0000000000000000000000000                                             000005
102021974950001161584870000003760                             82000035720      000                        1421060306                              150306000000000860010409156000000000000125647101070306              0000000000000000000000000000000000000000000000008600000000000000000000000000001070306                         0000000000000000000000000                                             000006
102021974950001161584870000003760                             82010206153      000                        1421060306                              100306000000000420023725426000000000000270663101070306              0000000000000000000000000000000000000000000000004200000000000000000000000000001070306                         0000000000000000000000000                                             000007
102021974950001161584870000003760                             82010208164      000                        1421060306                              100406000000000420000117546000000000000270663101070306              0000000000000000000000000000000000000000000000004200000000000000000000000000001070306                         0000000000000000000000000                                             000008
102021974950001161584870000003760                             82010214156      000                        1421060306                              100306000000000420000117546000000000000270663101070306              0000000000000000000000000000000000000000000000004200000000000000000000000000001070306                         0000000000000000000000000                                             000009
102021974950001161584870000003760                             82030108157      000                        1421060306                              100306000000000750010424465000000000000125647101070306              0000000000000000000000000000000000000000000000007500000000000000000000000000001070306                         0000000000000000000000000                                             000010
102021974950001161584870000003760                             82030117156      000                        1421060306                              100306000000000750010424465000000000000125647101070306              0000000000000000000000000000000000000000000000007500000000000000000000000000001070306                         0000000000000000000000000                                             000011
102021974950001161584870000003760                             82030124152      000                        1421060306                              100306000000000750010424465000000000000125647101070306              0000000000000000000000000000000000000000000000007500000000000000000000000000001070306                         0000000000000000000000000                                             000012
102021974950001161584870000003760                             82030135154      000                        1421060306                              100306000000000750010424465000000000000125647101070306              0000000000000000000000000000000000000000000000007500000000000000000000000000001070306                         0000000000000000000000000                                             000013
102021974950001161584870000003760                             82040130155      000                        1421060306                              100206000000000430010400523000000000000125647101070306              0000000000000000000000000000000000000000000000004489000000000018900000000000001070306                         0000000000000000000000000                                             000014
102021974950001161584870000003760                             82040203160      000                        1421060306                              100306000000000430010400523000000000000125647101070306              0000000000000000000000000000000000000000000000004300000000000000000000000000001070306                         0000000000000000000000000                                             000015
102021974950001161584870000003760                             82040206160      000                        1421060306                              100306000000000430006500016000000000000270663101070306              0000000000000000000000000000000000000000000000004300000000000000000000000000001070306                         0000000000000000000000000                                             000016
102021974950001161584870000003760                             82040219164      000                        1421060306                              100306000000000430006500016000000000000270663101070306              0000000000000000000000000000000000000000000000004300000000000000000000000000001070306                         0000000000000000000000000                                             000017
102021974950001161584870000003760                             82040226160      000                        1421060306                              100306000000000430075641796000000000000270663101070306              0000000000000000000000000000000000000000000000004300000000000000000000000000001070306                         0000000000000000000000000                                             000018
102021974950001161584870000003760                             82040234163      000                        1421060306                              100306000000000430002410606000000000000270663101070306              0000000000000000000000000000000000000000000000004300000000000000000000000000001070306                         0000000000000000000000000                                             000019
102021974950001161584870000003760                             82040329156      000                        1421060306                              100206000000000360010400523000000000000125647101070306              0000000000000000000000000000000000000000000000003760000000000016000000000000001070306                         0000000000000000000000000                                             000020
102021974950001161584870000003760                             82040335156      000                        1421060306                              100206000000000360010400523000000000000125647101070306              0000000000000000000000000000000000000000000000003760000000000016000000000000001070306                         0000000000000000000000000                                             000021
102021974950001161584870000003760                             82040418167      000                        1421060306                              100306000000000860000123866000000000000270663101070306              0000000000000000000000000000000000000000000000008600000000000000000000000000001070306                         0000000000000000000000000                                             000022
102021974950001161584870000003760                             82040609159      000                        1421060306                              100206000000000860010400523000000000000125647101070306              0000000000000000000000000000000000000000000000008978000000000037800000000000001070306                         0000000000000000000000000                                             000023
102021974950001161584870000003760                             82050114160      000                        1421060306                              100306000000000400006500016000000000000270663101070306              0000000000000000000000000000000000000000000000004000000000000000000000000000001070306                         0000000000000000000000000                                             000024
102021974950001161584870000003760                             82050211166      000                        1421060306                              100306000000000400006500016000000000000270663101070306              0000000000000000000000000000000000000000000000004000000000000000000000000000001070306                         0000000000000000000000000                                             000025
102021974950001161584870000003760                             82050225167      000                        1421060306                              100306000000000400006500016000000000000270663101070306              0000000000000000000000000000000000000000000000004000000000000000000000000000001070306                         0000000000000000000000000                                             000026
102021974950001161584870000003760                             82050228166      000                        1421060306                              100306000000000400006500016000000000000270663101070306              0000000000000000000000000000000000000000000000004000000000000000000000000000001070306                         0000000000000000000000000                                             000027
102021974950001161584870000003760                             82050235162      000                        1421060306                              100306000000000400010400531000000000000125647101070306              0000000000000000000000000000000000000000000000004000000000000000000000000000001070306                         0000000000000000000000000                                             000028
102021974950001161584870000003760                             82050321140      000                        1421060306                              100106000000000860010427782000000000000125647101070306              0000000000000000000000000000000000000000000000009228000000000062800000000000001070306                         0000000000000000000000000                                             000029
102021974950001161584870000003760                             82060139174      000                        1421060306                              100306000000000860023702866000000000000270663101070306              0000000000000000000000000000000000000000000000008600000000000000000000000000001070306                         0000000000000000000000000                                             000030
102021974950001161584870000003760                             82060211150      000                        1421060306                              100306000000000860010421911000000000000125647101070306              0000000000000000000000000000000000000000000000008600000000000000000000000000001070306                         0000000000000000000000000                                             000031
102021974950001161584870000003760                             82060216152      000                        1421060306                              100306000000000860006500016000000000000270663101070306              0000000000000000000000000000000000000000000000008600000000000000000000000000001070306                         0000000000000000000000000                                             000032
102021974950001161584870000003760                             82060231151      000                        1421060306                              100306000000000860006500016000000000000270663101070306              0000000000000000000000000000000000000000000000008600000000000000000000000000001070306                         0000000000000000000000000                                             000033
102021974950001161584870000003760                             82060335127      000                        1421060306                              301205000000000860010408761000000000000240655100060306              0000000000000000000000000000000000000000000000009440000000000084000000000000001060306                         0000000000000000000000000                                             000034
102021974950001161584870000003760                             82070114166      000                        1421060306                              100306000000000860035601326000000000000270663101070306              0000000000000000000000000000000000000000000000008600000000000000000000000000001070306                         0000000000000000000000000                                             000035
102021974950001161584870000003760                             82070118161      000                        1421060306                              100306000000000860010410308000000000000125647101070306              0000000000000000000000000000000000000000000000008600000000000000000000000000001070306                         0000000000000000000000000                                             000036
102021974950001161584870000003760                             82070123165      000                        1421060306                              100306000000000860010410286000000000000125647101070306              0000000000000000000000000000000000000000000000008600000000000000000000000000001070306                         0000000000000000000000000                                             000037
102021974950001161584870000003760                             82070218166      000                        1421060306                              100306000000000860010412947000000000000125647101070306              0000000000000000000000000000000000000000000000008600000000000000000000000000001070306                         0000000000000000000000000                                             000038
102021974950001161584870000003760                             82070308157      000                        1421060306                              150206000000000860010400477000000000000125647101070306              0000000000000000000000000000000000000000000000008924000000000032400000000000001070306                         0000000000000000000000000                                             000039
102021974950001161584870000003760                             82070315153      000                        1421060306                              150206000000000860010409440000000000000125647101070306              0000000000000000000000000000000000000000000000008924000000000032400000000000001070306                         0000000000000000000000000                                             000040
102021974950001161584870000003760                             82070405179      000                        1421060306                              000000000000000860040975226000000000000270663101070306              0000000000000000000000000000000000000000000000008600000000000000000000000000001070306                         0000000000000000000000000                                             000041
102021974950001161584870000003760                             82070424157      000                        1421060306                              150206000000000860010415830000000000000125647101070306              0000000000000000000000000000000000000000000000008935000000000033500000000000001070306                         0000000000000000000000000                                             000042
102021974950001161584870000003760                             82090106169      000                        1421060306                              100306000000000750010400540000000000000125647101070306              0000000000000000000000000000000000000000000000007500000000000000000000000000001070306                         0000000000000000000000000                                             000043
102021974950001161584870000003760                             82090113149      000                        1421060306                              100106000000000750010400540000000000000125647101070306              0000000000000000000000000000000000000000000000008035000000000053500000000000001070306                         0000000000000000000000000                                             000044
102021974950001161584870000003760                             82090213151      000                        1421060306                              100206000000000750010400540000000000000125647101070306              0000000000000000000000000000000000000000000000007818000000000031800000000000001070306                         0000000000000000000000000                                             000045
102021974950001161584870000003760                             82090303169      000                        1421060306                              100306000000000750006500016000000000000270663101070306              0000000000000000000000000000000000000000000000007500000000000000000000000000001070306                         0000000000000000000000000                                             000046
102021974950001161584870000003760                             82090323160      000                        1421060306                              100306000000000750010400540000000000000125647101070306              0000000000000000000000000000000000000000000000007500000000000000000000000000001070306                         0000000000000000000000000                                             000047
102021974950001161584870000003760                             82090406154      000                        1421060306                              100206000000000750010400540000000000000125647101070306              0000000000000000000000000000000000000000000000007804000000000030400000000000001070306                         0000000000000000000000000                                             000048
102021974950001161584870000003760                             82090421161      000                        1421060306                              100306000000000750010400540000000000000125647101070306              0000000000000000000000000000000000000000000000007500000000000000000000000000001070306                         0000000000000000000000000                                             000049
102021974950001161584870000003760                             82090505160      000                        1421060306                              100306000000000375006500016000000000000270663101070306              0000000000000000000000000000000000000000000000003750000000000000000000000000001070306                         0000000000000000000000000                                             000050
102021974950001161584870000003760                             82090513163      000                        1421060306                              100306000000000375010408770000000000000125647101070306              0000000000000000000000000000000000000000000000003750000000000000000000000000001070306                         0000000000000000000000000                                             000051
102021974950001161584870000003760                             82090611165      000                        1421060306                              100306000000000375010408770000000000000125647101070306              0000000000000000000000000000000000000000000000003750000000000000000000000000001070306                         0000000000000000000000000                                             000052
102021974950001161584870000003760                             82090630160      000                        1421060306                              100306000000000375010408770000000000000125647101070306              0000000000000000000000000000000000000000000000003750000000000000000000000000001070306                         0000000000000000000000000                                             000053
102021974950001161584870000003760                             82090806144      000                        1421060306                              100306000000000450010408770000000000000125647101070306              0000000000000000000000000000000000000000000000004500000000000000000000000000001070306                         0000000000000000000000000                                             000054
102021974950001161584870000003760                             82090807124      000                        1421060306                              150106000000000450010408770000000000000125647101070306              0000000000000000000000000000000000000000000000004641000000000014100000000000001070306                         0000000000000000000000000                                             000055
102021974950001161584870000003760                             82090807132      000                        1421060306                              100206000000000450010408770000000000000125647101070306              0000000000000000000000000000000000000000000000004614000000000011400000000000001070306                         0000000000000000000000000                                             000056
102021974950001161584870000003760                             82090810141      000                        1421060306                              100306000000000450010408770000000000000125647101070306              0000000000000000000000000000000000000000000000004500000000000000000000000000001070306                         0000000000000000000000000                                             000057
102021974950001161584870000003760                             82090811130      000                        1421060306                              100206000000000450010408770000000000000125647101070306              0000000000000000000000000000000000000000000000004612000000000011200000000000001070306                         0000000000000000000000000                                             000058
102021974950001161584870000003760                             82090825149      000                        1421060306                              100306000000000450010408770000000000000125647101070306              0000000000000000000000000000000000000000000000004500000000000000000000000000001070306                         0000000000000000000000000                                             000059
102021974950001161584870000003760                             82090827133      000                        1421060306                              100206000000000450010408770000000000000125647101070306              0000000000000000000000000000000000000000000000004612000000000011200000000000001070306                         0000000000000000000000000                                             000060
102021974950001161584870000003760                             82090830142      000                        1421060306                              100306000000000450010408770000000000000125647101070306              0000000000000000000000000000000000000000000000004500000000000000000000000000001070306                         0000000000000000000000000                                             000061
102021974950001161584870000003760                             82090834148      000                        1421060306                              100306000000000450010408770000000000000125647101070306              0000000000000000000000000000000000000000000000004500000000000000000000000000001070306                         0000000000000000000000000                                             000062
102021974950001161584870000003760                             82090917167      000                        1421060306                              100306000000000375010408770000000000000125647101070306              0000000000000000000000000000000000000000000000003750000000000000000000000000001070306                         0000000000000000000000000                                             000063
102021974950001161584870000003760                             82090926158      000                        1421060306                              100206000000000750010408770000000000000125647101070306              0000000000000000000000000000000000000000000000007818000000000031800000000000001070306                         0000000000000000000000000                                             000064
102021974950001161584870000003760                             82090929165      000                        1421060306                              100306000000000375006500016000000000000270663101070306              0000000000000000000000000000000000000000000000003750000000000000000000000000001070306                         0000000000000000000000000                                             000065
102021974950001161584870000003760                             82090938156      000                        1421060306                              100206000000000375010412424000000000000125647101070306              0000000000000000000000000000000000000000000000003915000000000016500000000000001070306                         0000000000000000000000000                                             000066
102021974950001161584870000003760                             82091026169      000                        1421060306                              100306000000000375006500016000000000000270663101070306              0000000000000000000000000000000000000000000000003750000000000000000000000000001070306                         0000000000000000000000000                                             000067
102021974950001161584870000003760                             82091027157      000                        1421060306                              100206000000000375010408770000000000000125647101070306              0000000000000000000000000000000000000000000000003900000000000015000000000000001070306                         0000000000000000000000000                                             000068
102021974950001161584870000003760                             82091033165      000                        1421060306                              100306000000000375006500016000000000000270663101070306              0000000000000000000000000000000000000000000000003750000000000000000000000000001070306                         0000000000000000000000000                                             000069
102021974950001161584870000003760                             82091102159      000                        1421060306                              100206000000000750010408770000000000000125647101070306              0000000000000000000000000000000000000000000000007830000000000033000000000000001070306                         0000000000000000000000000                                             000070
102021974950001161584870000003760                             82091126163      000                        1421060306                              100306000000000750010407749000000000000125647101070306              0000000000000000000000000000000000000000000000007500000000000000000000000000001070306                         0000000000000000000000000                                             000071
102021974950001161584870000003760                             82110112142      000                        1421060306                              100206000000000750010407765000000000000125647101070306              0000000000000000000000000000000000000000000000008134000000000063400000000000001070306                         0000000000000000000000000                                             000072
102021974950001161584870000003760                             82110324158      000                        1421060306                              100306000000000860074500016000000000000270663101070306              0000000000000000000000000000000000000000000000008600000000000000000000000000001070306                         0000000000000000000000000                                             000073
102021974950001161584870000003760                             82120104142      000                        1421060306                              100106000000000650010421245000000000000125647101070306              0000000000000000000000000000000000000000000000006960000000000046000000000000001070306                         0000000000000000000000000                                             000074
102021974950001161584870000003760                             82120105149      000                        1421060306                              100106000000000650010421245000000000000125647101070306              0000000000000000000000000000000000000000000000006960000000000046000000000000001070306                         0000000000000000000000000                                             000075
102021974950001161584870000003760                             82130102169      000                        1421060306                              100206000000000860010409148000000000000125647101070306              0000000000000000000000000000000000000000000000008961000000000036100000000000001070306                         0000000000000000000000000                                             000076
102021974950001161584870000003760                             82130127170      000                        1421060306                              100306000000000860002411246000000000000270663101070306              0000000000000000000000000000000000000000000000008600000000000000000000000000001070306                         0000000000000000000000000                                             000077
102021974950001161584870000003760                             82130222172      000                        1421060306                              100306000000000860010409148000000000000125647101070306              0000000000000000000000000000000000000000000000008600000000000000000000000000001070306                         0000000000000000000000000                                             000078
102021974950001161584870000003760                             82130316177      000                        1421060306                              100306000000000860010409148000000000000125647101070306              0000000000000000000000000000000000000000000000008600000000000000000000000000001070306                         0000000000000000000000000                                             000079
102021974950001161584870000003760                             82130320174      000                        1421060306                              100306000000000860010409148000000000000125647101070306              0000000000000000000000000000000000000000000000008600000000000000000000000000001070306                         0000000000000000000000000                                             000080
9201104                                                                                                                                                                                                                                                                                                                                                                                                   000081
