02RETORNO01COBRANCA       1584870000003760    IPAD                          104C ECON FEDERAL 251005                                                                                                                                                                                                                                                                                                 00066000001
102021974950001161584870000003760                             82060144127      000                        1421251005                              271005000000000860010408761000000000000125647101261005              0000000000000000000000000000000000000000000000008600000000000000000000000000001261005                         0000000000000000000000000                                             000002
102021974950001161584870000003760                             82090304122      000                        1421251005                              101105000000000640010407749000000000000125647101261005              0000000000000000000000000000000000000000000000006400000000000000000000000000001261005                         0000000000000000000000000                                             000003
102021974950001161584870000003760                             82090306125      000                        1421251005                              101105000000000640007347476000000000000270663101261005              0000000000000000000000000000000000000000000000006400000000000000000000000000001261005                         0000000000000000000000000                                             000004
102021974950001161584870000003760                             82090329125      000                        1421251005                              101105000000000640010407749000000000000125647101261005              0000000000000000000000000000000000000000000000006400000000000000000000000000001261005                         0000000000000000000000000                                             000005
102021974950001161584870000003760                             82999026628      000                        1421251005                              301105000000000860006500016000000000000270663101261005              0000000000000000000000000000000000000000000000008600000000000000000000000000001261005                         0000000000000000000000000                                             000006
102021974950001161584870000003760                             82999027004      000                        1421251005                              301105000000000860010408761000000000000125647101261005              0000000000000000000000000000000000000000000000008600000000000000000000000000001261005                         0000000000000000000000000                                             000007
9201104                                                                                                                                                                                                                                                                                                                                                                                                   000008
