02RETORNO01COBRANCA       1584870000003760    IPAD                          104C ECON FEDERAL 281005                                                                                                                                                                                                                                                                                                 00069000001
102021974950001161584870000003760                             82040518129      000                        1421281005                              101105000000000860010400523000000000000125647101311005              0000000000000000000000000000000000000000000000008600000000000000000000000000001311005                         0000000000000000000000000                                             000002
102021974950001161584870000003760                             82040521120      000                        1421281005                              101105000000000860010400523000000000000125647101311005              0000000000000000000000000000000000000000000000008600000000000000000000000000001311005                         0000000000000000000000000                                             000003
102021974950001161584870000003760                             82060106136      000                        1421281005                              151105000000000860023719046000000000000270663101311005              0000000000000000000000000000000000000000000000008600000000000000000000000000001311005                         0000000000000000000000000                                             000004
102021974950001161584870000003760                             82060147134      000                        1421281005                              151105000000000860010430171000000000000125647101311005              0000000000000000000000000000000000000000000000008600000000000000000000000000001311005                         0000000000000000000000000                                             000005
102021974950001161584870000003760                             82130110137      000                        1421281005                              101105000000000860010409148000000000000125647101311005              0000000000000000000000000000000000000000000000008600000000000000000000000000001311005                         0000000000000000000000000                                             000006
102021974950001161584870000003760                             82999027020      000                        1421281005                              301105000000000860010408761000000000000125647101311005              0000000000000000000000000000000000000000000000008600000000000000000000000000001311005                         0000000000000000000000000                                             000007
102021974950001161584870000003760                             82999028116      000                        1421281005                              301105000000000750006500016000000000000270663101311005              0000000000000000000000000000000000000000000000007500000000000000000000000000001311005                         0000000000000000000000000                                             000008
102021974950001161584870000003760                             82999028418      000                        1421281005                              301105000000000750006500016000000000000270663101311005              0000000000000000000000000000000000000000000000007500000000000000000000000000001311005                         0000000000000000000000000                                             000009
102021974950001161584870000003760                             82999028965      000                        1421281005                              301005000000000750010424465000000000000240655100281005              0000000000000000000000000000000000000000000000007500000000000000000000000000001281005                         0000000000000000000000000                                             000010
102021974950001161584870000003760                             82999028973      000                        1421281005                              301005000000000750002410646000000000000270663101311005              0000000000000000000000000000000000000000000000007500000000000000000000000000001311005                         0000000000000000000000000                                             000011
102021974950001161584870000003760                             82999028990      000                        1421281005                              301005000000000750002410646000000000000270663101311005              0000000000000000000000000000000000000000000000007500000000000000000000000000001311005                         0000000000000000000000000                                             000012
102021974950001161584870000003760                             82999029007      000                        1421281005                              301005000000000750010414338000000000000125647101311005              0000000000000000000000000000000000000000000000007500000000000000000000000000001311005                         0000000000000000000000000                                             000013
102021974950001161584870000003760                             82999029015      000                        1421281005                              301005000000000750002410646000000000000270663101311005              0000000000000000000000000000000000000000000000007500000000000000000000000000001311005                         0000000000000000000000000                                             000014
102021974950001161584870000003760                             82999029023      000                        1421281005                              301005000000000750010414338000000000000125647101311005              0000000000000000000000000000000000000000000000007500000000000000000000000000001311005                         0000000000000000000000000                                             000015
102021974950001161584870000003760                             82999029031      000                        1421281005                              301005000000000750002410646000000000000270663101311005              0000000000000000000000000000000000000000000000007500000000000000000000000000001311005                         0000000000000000000000000                                             000016
102021974950001161584870000003760                             82999029040      000                        1421281005                              301005000000000750002410646000000000000270663101311005              0000000000000000000000000000000000000000000000007500000000000000000000000000001311005                         0000000000000000000000000                                             000017
102021974950001161584870000003760                             82999029058      000                        1421281005                              301005000000000750002410646000000000000270663101311005              0000000000000000000000000000000000000000000000007500000000000000000000000000001311005                         0000000000000000000000000                                             000018
102021974950001161584870000003760                             82999029066      000                        1421281005                              301005000000000750002410646000000000000270663101311005              0000000000000000000000000000000000000000000000007500000000000000000000000000001311005                         0000000000000000000000000                                             000019
102021974950001161584870000003760                             82999029074      000                        1421281005                              301005000000000750002410646000000000000270663101311005              0000000000000000000000000000000000000000000000007500000000000000000000000000001311005                         0000000000000000000000000                                             000020
102021974950001161584870000003760                             82999029082      000                        1421281005                              301005000000000750002410646000000000000270663101311005              0000000000000000000000000000000000000000000000007500000000000000000000000000001311005                         0000000000000000000000000                                             000021
102021974950001161584870000003760                             82999029090      000                        1421281005                              301005000000000750002410646000000000000270663101311005              0000000000000000000000000000000000000000000000007500000000000000000000000000001311005                         0000000000000000000000000                                             000022
102021974950001161584870000003760                             82999029104      000                        1421281005                              301005000000000750002410646000000000000270663101311005              0000000000000000000000000000000000000000000000007500000000000000000000000000001311005                         0000000000000000000000000                                             000023
102021974950001161584870000003760                             82999029112      000                        1421281005                              301005000000000750002410646000000000000270663101311005              0000000000000000000000000000000000000000000000007500000000000000000000000000001311005                         0000000000000000000000000                                             000024
102021974950001161584870000003760                             82999029120      000                        1421281005                              301005000000000750002410646000000000000270663101311005              0000000000000000000000000000000000000000000000007500000000000000000000000000001311005                         0000000000000000000000000                                             000025
102021974950001161584870000003760                             82999029147      000                        1421281005                              301005000000000750002410646000000000000270663101311005              0000000000000000000000000000000000000000000000007500000000000000000000000000001311005                         0000000000000000000000000                                             000026
102021974950001161584870000003760                             82999029155      000                        1421281005                              301005000000000750010414338000000000000125647101311005              0000000000000000000000000000000000000000000000007500000000000000000000000000001311005                         0000000000000000000000000                                             000027
102021974950001161584870000003760                             82999029171      000                        1421281005                              301005000000000375010414338000000000000125647101311005              0000000000000000000000000000000000000000000000003750000000000000000000000000001311005                         0000000000000000000000000                                             000028
102021974950001161584870000003760                             82999029180      000                        1421281005                              301005000000000375010414338000000000000125647101311005              0000000000000000000000000000000000000000000000003750000000000000000000000000001311005                         0000000000000000000000000                                             000029
102021974950001161584870000003760                             82999029201      000                        1421281005                              301005000000000375010414338000000000000125647101311005              0000000000000000000000000000000000000000000000003750000000000000000000000000001311005                         0000000000000000000000000                                             000030
102021974950001161584870000003760                             82999029228      000                        1421281005                              301005000000000375010414338000000000000125647101311005              0000000000000000000000000000000000000000000000003750000000000000000000000000001311005                         0000000000000000000000000                                             000031
102021974950001161584870000003760                             82999029244      000                        1421281005                              301005000000000375010414338000000000000125647101311005              0000000000000000000000000000000000000000000000003750000000000000000000000000001311005                         0000000000000000000000000                                             000032
102021974950001161584870000003760                             82999029260      000                        1421281005                              301005000000000375010414338000000000000125647101311005              0000000000000000000000000000000000000000000000003750000000000000000000000000001311005                         0000000000000000000000000                                             000033
102021974950001161584870000003760                             82999030145      000                        1421281005                              311005000000000860006500016000000000000270663101311005              0000000000000000000000000000000000000000000000008600000000000000000000000000001311005                         0000000000000000000000000                                             000034
102021974950001161584870000003760                             82999030188      000                        1421281005                              311005000000000860006500016000000000000270663101311005              0000000000000000000000000000000000000000000000008600000000000000000000000000001311005                         0000000000000000000000000                                             000035
102021974950001161584870000003760                             82999030242      000                        1421281005                              311005000000000860010407765000000000000125647101311005              0000000000000000000000000000000000000000000000008600000000000000000000000000001311005                         0000000000000000000000000                                             000036
9201104                                                                                                                                                                                                                                                                                                                                                                                                   000037
