02RETORNO01COBRANCA       1584870000003760    IPAD                          104C ECON FEDERAL 030805                                                                                                                                                                                                                                                                                                 00018000001
102021974950001161584870000003760                             82999372127      000                        1421030805                              100805000000000860075620076000000000000270663101040805              0000000000000000000000000000000000000000000000008600000000000000000000000000001040805                         0000000000000000000000000                                             000002
102021974950001161584870000003760                             82999372160      000                        1421030805                              100805000000000860075620076000000000000270663101040805              0000000000000000000000000000000000000000000000008600000000000000000000000000001040805                         0000000000000000000000000                                             000003
102021974950001161584870000003760                             82999372186      000                        1421030805                              100805000000000860010400540000000000000125647101040805              0000000000000000000000000000000000000000000000008600000000000000000000000000001040805                         0000000000000000000000000                                             000004
102021974950001161584870000003760                             82999372224      000                        1421030805                              100805000000000860075620076000000000000270663101040805              0000000000000000000000000000000000000000000000008600000000000000000000000000001040805                         0000000000000000000000000                                             000005
102021974950001161584870000003760                             82999372240      000                        1421030805                              100805000000000860006500016000000000000270663101040805              0000000000000000000000000000000000000000000000008600000000000000000000000000001040805                         0000000000000000000000000                                             000006
102021974950001161584870000003760                             82999372267      000                        1421030805                              100805000000000860006500016000000000000270663101040805              0000000000000000000000000000000000000000000000008600000000000000000000000000001040805                         0000000000000000000000000                                             000007
102021974950001161584870000003760                             82999372348      000                        1421030805                              100805000000000860010400540000000000000125647101040805              0000000000000000000000000000000000000000000000008600000000000000000000000000001040805                         0000000000000000000000000                                             000008
102021974950001161584870000003760                             82999372445      000                        1421030805                              100805000000000860075620076000000000000270663101040805              0000000000000000000000000000000000000000000000008600000000000000000000000000001040805                         0000000000000000000000000                                             000009
102021974950001161584870000003760                             82999372542      000                        1421030805                              100805000000000860010400540000000000000125647101040805              0000000000000000000000000000000000000000000000008600000000000000000000000000001040805                         0000000000000000000000000                                             000010
102021974950001161584870000003760                             82999372607      000                        1421030805                              100805000000000860010400540000000000000125647101040805              0000000000000000000000000000000000000000000000008600000000000000000000000000001040805                         0000000000000000000000000                                             000011
102021974950001161584870000003760                             82999372909      000                        1421030805                              100805000000000860006500016000000000000270663101040805              0000000000000000000000000000000000000000000000008600000000000000000000000000001040805                         0000000000000000000000000                                             000012
102021974950001161584870000003760                             82999372984      000                        1421030805                              100805000000000860075620076000000000000270663101040805              0000000000000000000000000000000000000000000000008600000000000000000000000000001040805                         0000000000000000000000000                                             000013
102021974950001161584870000003760                             82999373026      000                        1421030805                              100805000000000860006500016000000000000270663101040805              0000000000000000000000000000000000000000000000008600000000000000000000000000001040805                         0000000000000000000000000                                             000014
102021974950001161584870000003760                             82999373042      000                        1421030805                              100805000000000860010400540000000000000125647101040805              0000000000000000000000000000000000000000000000008600000000000000000000000000001040805                         0000000000000000000000000                                             000015
102021974950001161584870000003760                             82999373069      000                        1421030805                              100805000000000860010400540000000000000125647101040805              0000000000000000000000000000000000000000000000008600000000000000000000000000001040805                         0000000000000000000000000                                             000016
102021974950001161584870000003760                             82999373085      000                        1421030805                              100805000000000860010400540000000000000125647101040805              0000000000000000000000000000000000000000000000008600000000000000000000000000001040805                         0000000000000000000000000                                             000017
102021974950001161584870000003760                             82999373107      000                        1421030805                              100805000000000860010400540000000000000125647101040805              0000000000000000000000000000000000000000000000008600000000000000000000000000001040805                         0000000000000000000000000                                             000018
102021974950001161584870000003760                             82999373123      000                        1421030805                              100805000000000860010400540000000000000125647101040805              0000000000000000000000000000000000000000000000008600000000000000000000000000001040805                         0000000000000000000000000                                             000019
102021974950001161584870000003760                             82999373140      000                        1421030805                              100805000000000860006500016000000000000270663101040805              0000000000000000000000000000000000000000000000008600000000000000000000000000001040805                         0000000000000000000000000                                             000020
102021974950001161584870000003760                             82999373166      000                        1421030805                              100805000000000860006500016000000000000270663101040805              0000000000000000000000000000000000000000000000008600000000000000000000000000001040805                         0000000000000000000000000                                             000021
102021974950001161584870000003760                             82999373182      000                        1421030805                              100805000000000860006500016000000000000270663101040805              0000000000000000000000000000000000000000000000008600000000000000000000000000001040805                         0000000000000000000000000                                             000022
102021974950001161584870000003760                             82999373204      000                        1421030805                              100805000000000860006500016000000000000270663101040805              0000000000000000000000000000000000000000000000008600000000000000000000000000001040805                         0000000000000000000000000                                             000023
102021974950001161584870000003760                             82999373247      000                        1421030805                              100805000000000860075620076000000000000270663101040805              0000000000000000000000000000000000000000000000008600000000000000000000000000001040805                         0000000000000000000000000                                             000024
102021974950001161584870000003760                             82999373263      000                        1421030805                              100805000000000860075620076000000000000270663101040805              0000000000000000000000000000000000000000000000008600000000000000000000000000001040805                         0000000000000000000000000                                             000025
102021974950001161584870000003760                             82999373280      000                        1421030805                              100805000000000860006500016000000000000270663101040805              0000000000000000000000000000000000000000000000008600000000000000000000000000001040805                         0000000000000000000000000                                             000026
102021974950001161584870000003760                             82999373301      000                        1421030805                              100805000000000860075620076000000000000270663101040805              0000000000000000000000000000000000000000000000008600000000000000000000000000001040805                         0000000000000000000000000                                             000027
102021974950001161584870000003760                             82999373328      000                        1421030805                              100805000000000860010400540000000000000125647101040805              0000000000000000000000000000000000000000000000008600000000000000000000000000001040805                         0000000000000000000000000                                             000028
102021974950001161584870000003760                             82999373344      000                        1421030805                              100805000000000860010400540000000000000125647101040805              0000000000000000000000000000000000000000000000008600000000000000000000000000001040805                         0000000000000000000000000                                             000029
102021974950001161584870000003760                             82999373360      000                        1421030805                              100805000000000860010400540000000000000125647101040805              0000000000000000000000000000000000000000000000008600000000000000000000000000001040805                         0000000000000000000000000                                             000030
102021974950001161584870000003760                             82999373387      000                        1421030805                              100805000000000860006500016000000000000270663101040805              0000000000000000000000000000000000000000000000008600000000000000000000000000001040805                         0000000000000000000000000                                             000031
102021974950001161584870000003760                             82999373409      000                        1421030805                              100805000000000860010400540000000000000125647101040805              0000000000000000000000000000000000000000000000008600000000000000000000000000001040805                         0000000000000000000000000                                             000032
102021974950001161584870000003760                             82999373425      000                        1421030805                              100805000000000860010400540000000000000125647101040805              0000000000000000000000000000000000000000000000008600000000000000000000000000001040805                         0000000000000000000000000                                             000033
102021974950001161584870000003760                             82999373441      000                        1421030805                              100805000000000860010400540000000000000125647101040805              0000000000000000000000000000000000000000000000008600000000000000000000000000001040805                         0000000000000000000000000                                             000034
102021974950001161584870000003760                             82999373468      000                        1421030805                              100805000000000860010400540000000000000125647101040805              0000000000000000000000000000000000000000000000008600000000000000000000000000001040805                         0000000000000000000000000                                             000035
102021974950001161584870000003760                             82999373484      000                        1421030805                              100805000000000860075620076000000000000270663101040805              0000000000000000000000000000000000000000000000008600000000000000000000000000001040805                         0000000000000000000000000                                             000036
102021974950001161584870000003760                             82999373565      000                        1421030805                              100805000000000860075620076000000000000270663101040805              0000000000000000000000000000000000000000000000008600000000000000000000000000001040805                         0000000000000000000000000                                             000037
102021974950001161584870000003760                             82999373581      000                        1421030805                              100805000000000860010400540000000000000125647101040805              0000000000000000000000000000000000000000000000008600000000000000000000000000001040805                         0000000000000000000000000                                             000038
102021974950001161584870000003760                             82999373603      000                        1421030805                              100805000000000860075620076000000000000270663101040805              0000000000000000000000000000000000000000000000008600000000000000000000000000001040805                         0000000000000000000000000                                             000039
102021974950001161584870000003760                             82999373620      000                        1421030805                              100805000000000860006500016000000000000270663101040805              0000000000000000000000000000000000000000000000008600000000000000000000000000001040805                         0000000000000000000000000                                             000040
102021974950001161584870000003760                             82999373646      000                        1421030805                              100805000000000860075620076000000000000270663101040805              0000000000000000000000000000000000000000000000008600000000000000000000000000001040805                         0000000000000000000000000                                             000041
102021974950001161584870000003760                             82999373662      000                        1421030805                              100805000000000860075620076000000000000270663101040805              0000000000000000000000000000000000000000000000008600000000000000000000000000001040805                         0000000000000000000000000                                             000042
102021974950001161584870000003760                             82999373700      000                        1421030805                              100805000000000860010400540000000000000125647101040805              0000000000000000000000000000000000000000000000008600000000000000000000000000001040805                         0000000000000000000000000                                             000043
102021974950001161584870000003760                             82999373743      000                        1421030805                              100805000000000860010410308000000000000125647101040805              0000000000000000000000000000000000000000000000008600000000000000000000000000001040805                         0000000000000000000000000                                             000044
102021974950001161584870000003760                             82999373760      000                        1421030805                              100805000000000860006500016000000000000270663101040805              0000000000000000000000000000000000000000000000008600000000000000000000000000001040805                         0000000000000000000000000                                             000045
102021974950001161584870000003760                             82999374260      000                        1421030805                              100805000000000860006500016000000000000270663101040805              0000000000000000000000000000000000000000000000008600000000000000000000000000001040805                         0000000000000000000000000                                             000046
102021974950001161584870000003760                             82999374286      000                        1421030805                              100805000000000860010400540000000000000125647101040805              0000000000000000000000000000000000000000000000008600000000000000000000000000001040805                         0000000000000000000000000                                             000047
102021974950001161584870000003760                             82999375843      000                        1421030805                              100805000000000860010421709000000000000125647101040805              0000000000000000000000000000000000000000000000008600000000000000000000000000001040805                         0000000000000000000000000                                             000048
102021974950001161584870000003760                             82999379288      000                        1421030805                              100805000000000860010430171000000000000125647101040805              0000000000000000000000000000000000000000000000008600000000000000000000000000001040805                         0000000000000000000000000                                             000049
102021974950001161584870000003760                             82999385261      000                        1421030805                              100805000000000860075620076000000000000270663101040805              0000000000000000000000000000000000000000000000008600000000000000000000000000001040805                         0000000000000000000000000                                             000050
102021974950001161584870000003760                             82999385440      000                        1421030805                              100805000000000860010400523000000000000125647101040805              0000000000000000000000000000000000000000000000008600000000000000000000000000001040805                         0000000000000000000000000                                             000051
102021974950001161584870000003760                             82999385997      000                        1421030805                              100805000000000860010400540000000000000125647101040805              0000000000000000000000000000000000000000000000008600000000000000000000000000001040805                         0000000000000000000000000                                             000052
9201104                                                                                                                                                                                                                                                                                                                                                                                                   000053
