02RETORNO01COBRANCA       1584870000003760    IPAD                          104C ECON FEDERAL 081105                                                                                                                                                                                                                                                                                                 00075000001
102021974950001161584870000003760                             82040107129      000                        1421081105                              101105000000000430010400523000000000000125647101091105              0000000000000000000000000000000000000000000000004300000000000000000000000000001091105                         0000000000000000000000000                                             000002
102021974950001161584870000003760                             82040108125      000                        1421081105                              101105000000000430010400523000000000000125647101091105              0000000000000000000000000000000000000000000000004300000000000000000000000000001091105                         0000000000000000000000000                                             000003
102021974950001161584870000003760                             82040112122      000                        1421081105                              101105000000000430000110126000000000000270663101091105              0000000000000000000000000000000000000000000000004300000000000000000000000000001091105                         0000000000000000000000000                                             000004
102021974950001161584870000003760                             82040115121      000                        1421081105                              101105000000000430075641796000000000000270663101091105              0000000000000000000000000000000000000000000000004300000000000000000000000000001091105                         0000000000000000000000000                                             000005
102021974950001161584870000003760                             82040117124      000                        1421081105                              101105000000000430075641796000000000000270663101091105              0000000000000000000000000000000000000000000000004300000000000000000000000000001091105                         0000000000000000000000000                                             000006
102021974950001161584870000003760                             82040118120      000                        1421081105                              101105000000000430010400523000000000000125647101091105              0000000000000000000000000000000000000000000000004300000000000000000000000000001091105                         0000000000000000000000000                                             000007
102021974950001161584870000003760                             82040121121      000                        1421081105                              101105000000000430010400523000000000000125647101091105              0000000000000000000000000000000000000000000000004300000000000000000000000000001091105                         0000000000000000000000000                                             000008
102021974950001161584870000003760                             82040126123      000                        1421081105                              101105000000000860006500016000000000000270663101091105              0000000000000000000000000000000000000000000000008600000000000000000000000000001091105                         0000000000000000000000000                                             000009
102021974950001161584870000003760                             82040133120      000                        1421081105                              101105000000000860023732106000000000000270663101091105              0000000000000000000000000000000000000000000000008600000000000000000000000000001091105                         0000000000000000000000000                                             000010
102021974950001161584870000003760                             82040210124      000                        1421081105                              101105000000000430010400523000000000000125647101091105              0000000000000000000000000000000000000000000000004300000000000000000000000000001091105                         0000000000000000000000000                                             000011
102021974950001161584870000003760                             82040233124      000                        1421081105                              101105000000000430006500016000000000000270663101091105              0000000000000000000000000000000000000000000000004300000000000000000000000000001091105                         0000000000000000000000000                                             000012
102021974950001161584870000003760                             82040236123      000                        1421081105                              101105000000000860010400523000000000000125647101091105              0000000000000000000000000000000000000000000000008600000000000000000000000000001091105                         0000000000000000000000000                                             000013
102021974950001161584870000003760                             82040237120      000                        1421081105                              101105000000000860010400523000000000000125647101091105              0000000000000000000000000000000000000000000000008600000000000000000000000000001091105                         0000000000000000000000000                                             000014
102021974950001161584870000003760                             82040417128      000                        1421081105                              101105000000000860010400523000000000000125647101091105              0000000000000000000000000000000000000000000000008600000000000000000000000000001091105                         0000000000000000000000000                                             000015
102021974950001161584870000003760                             82040427123      000                        1421081105                              101105000000000860010400523000000000000125647101091105              0000000000000000000000000000000000000000000000008600000000000000000000000000001091105                         0000000000000000000000000                                             000016
102021974950001161584870000003760                             82040431120      000                        1421081105                              101105000000000860010400523000000000000125620101091105              0000000000000000000000000000000000000000000000008600000000000000000000000000001091105                         0000000000000000000000000                                             000017
102021974950001161584870000003760                             82040511124      000                        1421081105                              101105000000000860010409857000000000000125647101091105              0000000000000000000000000000000000000000000000008600000000000000000000000000001091105                         0000000000000000000000000                                             000018
102021974950001161584870000003760                             82040512120      000                        1421081105                              101105000000000860075641796000000000000270663101091105              0000000000000000000000000000000000000000000000008600000000000000000000000000001091105                         0000000000000000000000000                                             000019
102021974950001161584870000003760                             82040513127      000                        1421081105                              101105000000000860010400523000000000000125647101091105              0000000000000000000000000000000000000000000000008600000000000000000000000000001091105                         0000000000000000000000000                                             000020
102021974950001161584870000003760                             82040525125      000                        1421081105                              101105000000000860075641796000000000000270663101091105              0000000000000000000000000000000000000000000000008600000000000000000000000000001091105                         0000000000000000000000000                                             000021
102021974950001161584870000003760                             82040525133      000                        1421081105                              101205000000000860075641796000000000000270663101091105              0000000000000000000000000000000000000000000000008600000000000000000000000000001091105                         0000000000000000000000000                                             000022
102021974950001161584870000003760                             82040608128      000                        1421081105                              101105000000000860010421709000000000000125647101091105              0000000000000000000000000000000000000000000000008600000000000000000000000000001091105                         0000000000000000000000000                                             000023
102021974950001161584870000003760                             82040622120      000                        1421081105                              101105000000000860075641796000000000000270663101091105              0000000000000000000000000000000000000000000000008600000000000000000000000000001091105                         0000000000000000000000000                                             000024
102021974950001161584870000003760                             82040625120      000                        1421081105                              101105000000000860075641796000000000000270663101091105              0000000000000000000000000000000000000000000000008600000000000000000000000000001091105                         0000000000000000000000000                                             000025
102021974950001161584870000003760                             82040634129      000                        1421081105                              101105000000000860075641796000000000000270663101091105              0000000000000000000000000000000000000000000000008600000000000000000000000000001091105                         0000000000000000000000000                                             000026
102021974950001161584870000003760                             82050102120      000                        1421081105                              101105000000000400010400531000000000000125647101091105              0000000000000000000000000000000000000000000000004000000000000000000000000000001091105                         0000000000000000000000000                                             000027
102021974950001161584870000003760                             82050108128      000                        1421081105                              101105000000000400006500016000000000000270663101091105              0000000000000000000000000000000000000000000000004000000000000000000000000000001091105                         0000000000000000000000000                                             000028
102021974950001161584870000003760                             82050111129      000                        1421081105                              101105000000000400006500016000000000000270663101091105              0000000000000000000000000000000000000000000000004000000000000000000000000000001091105                         0000000000000000000000000                                             000029
102021974950001161584870000003760                             82050115124      000                        1421081105                              101105000000000400075641796000000000000270663101091105              0000000000000000000000000000000000000000000000004000000000000000000000000000001091105                         0000000000000000000000000                                             000030
102021974950001161584870000003760                             82050116120      000                        1421081105                              101105000000000400006500016000000000000270663101091105              0000000000000000000000000000000000000000000000004000000000000000000000000000001091105                         0000000000000000000000000                                             000031
102021974950001161584870000003760                             82050117127      000                        1421081105                              101105000000000400010400531000000000000125647101091105              0000000000000000000000000000000000000000000000004000000000000000000000000000001091105                         0000000000000000000000000                                             000032
102021974950001161584870000003760                             82050126126      000                        1421081105                              101105000000000400006500016000000000000270663101091105              0000000000000000000000000000000000000000000000004000000000000000000000000000001091105                         0000000000000000000000000                                             000033
102021974950001161584870000003760                             82050133122      000                        1421081105                              101105000000000400006500016000000000000270663101091105              0000000000000000000000000000000000000000000000004000000000000000000000000000001091105                         0000000000000000000000000                                             000034
102021974950001161584870000003760                             82050208122      000                        1421081105                              101105000000000400006500016000000000000270663101091105              0000000000000000000000000000000000000000000000004000000000000000000000000000001091105                         0000000000000000000000000                                             000035
102021974950001161584870000003760                             82050220122      000                        1421081105                              101105000000000400006500016000000000000270663101091105              0000000000000000000000000000000000000000000000004000000000000000000000000000001091105                         0000000000000000000000000                                             000036
102021974950001161584870000003760                             82050223121      000                        1421081105                              101105000000000400006500016000000000000270663101091105              0000000000000000000000000000000000000000000000004000000000000000000000000000001091105                         0000000000000000000000000                                             000037
102021974950001161584870000003760                             82050315123      000                        1421081105                              101105000000000860006500016000000000000270663101091105              0000000000000000000000000000000000000000000000008600000000000000000000000000001091105                         0000000000000000000000000                                             000038
102021974950001161584870000003760                             82070120123      000                        1421081105                              101105000000000860000128116000000000000270663101091105              0000000000000000000000000000000000000000000000008600000000000000000000000000001091105                         0000000000000000000000000                                             000039
102021974950001161584870000003760                             82070130129      000                        1421081105                              101105000000000720075641796000000000000270663101091105              0000000000000000000000000000000000000000000000007200000000000000000000000000001091105                         0000000000000000000000000                                             000040
102021974950001161584870000003760                             82070228129      000                        1421081105                              101105000000000860023731906000000000000270663101091105              0000000000000000000000000000000000000000000000008600000000000000000000000000001091105                         0000000000000000000000000                                             000041
102021974950001161584870000003760                             82070230123      000                        1421081105                              101105000000000860010400477000000000000125647101091105              0000000000000000000000000000000000000000000000008600000000000000000000000000001091105                         0000000000000000000000000                                             000042
102021974950001161584870000003760                             82090112126      000                        1421081105                              101105000000000640075641796000000000000270663101091105              0000000000000000000000000000000000000000000000006400000000000000000000000000001091105                         0000000000000000000000000                                             000043
102021974950001161584870000003760                             82090123128      000                        1421081105                              101105000000000640075641796000000000000270663101091105              0000000000000000000000000000000000000000000000006400000000000000000000000000001091105                         0000000000000000000000000                                             000044
102021974950001161584870000003760                             82090125120      000                        1421081105                              000000000000000640023717836000000000000270663101091105              0000000000000000000000000000000000000000000000006400000000000000000000000000001091105                         0000000000000000000000000                                             000045
102021974950001161584870000003760                             82090203121      000                        1421081105                              101105000000000640075641796000000000000270663101091105              0000000000000000000000000000000000000000000000006400000000000000000000000000001091105                         0000000000000000000000000                                             000046
102021974950001161584870000003760                             82090417121      000                        1421081105                              101105000000000640075641796000000000000270663101091105              0000000000000000000000000000000000000000000000006400000000000000000000000000001091105                         0000000000000000000000000                                             000047
102021974950001161584870000003760                             82090707120      000                        1421081105                              101105000000000750075641796000000000000270663101091105              0000000000000000000000000000000000000000000000007500000000000000000000000000001091105                         0000000000000000000000000                                             000048
102021974950001161584870000003760                             82090713120      000                        1421081105                              101105000000000750010408770000000000000125647101091105              0000000000000000000000000000000000000000000000007500000000000000000000000000001091105                         0000000000000000000000000                                             000049
102021974950001161584870000003760                             82090714126      000                        1421081105                              101105000000000750075641796000000000000270663101091105              0000000000000000000000000000000000000000000000007500000000000000000000000000001091105                         0000000000000000000000000                                             000050
102021974950001161584870000003760                             82090723125      000                        1421081105                              101105000000000750010408770000000000000125647101091105              0000000000000000000000000000000000000000000000007500000000000000000000000000001091105                         0000000000000000000000000                                             000051
102021974950001161584870000003760                             82090731128      000                        1421081105                              101105000000000750010408770000000000000125647101091105              0000000000000000000000000000000000000000000000007500000000000000000000000000001091105                         0000000000000000000000000                                             000052
102021974950001161584870000003760                             82090732124      000                        1421081105                              101105000000000750006500016000000000000270663101091105              0000000000000000000000000000000000000000000000007500000000000000000000000000001091105                         0000000000000000000000000                                             000053
102021974950001161584870000003760                             82090830126      000                        1421081105                              101105000000000640010408770000000000000125647101091105              0000000000000000000000000000000000000000000000006400000000000000000000000000001091105                         0000000000000000000000000                                             000054
102021974950001161584870000003760                             82090901120      000                        1421081105                              101105000000000750010408770000000000000125647101091105              0000000000000000000000000000000000000000000000007500000000000000000000000000001091105                         0000000000000000000000000                                             000055
102021974950001161584870000003760                             82090908125      000                        1421081105                              101105000000000750010408770000000000000125647101091105              0000000000000000000000000000000000000000000000007500000000000000000000000000001091105                         0000000000000000000000000                                             000056
102021974950001161584870000003760                             82090913129      000                        1421081105                              101105000000000750010408770000000000000125647101091105              0000000000000000000000000000000000000000000000007500000000000000000000000000001091105                         0000000000000000000000000                                             000057
102021974950001161584870000003760                             82090915121      000                        1421081105                              101105000000000750010408770000000000000125647101091105              0000000000000000000000000000000000000000000000007500000000000000000000000000001091105                         0000000000000000000000000                                             000058
102021974950001161584870000003760                             82090920125      000                        1421081105                              101105000000000375010412424000000000000125647101091105              0000000000000000000000000000000000000000000000003750000000000000000000000000001091105                         0000000000000000000000000                                             000059
102021974950001161584870000003760                             82090923124      000                        1421081105                              101105000000000750010408770000000000000125647101091105              0000000000000000000000000000000000000000000000007500000000000000000000000000001091105                         0000000000000000000000000                                             000060
102021974950001161584870000003760                             82090928126      000                        1421081105                              101105000000000375010408770000000000000125647101091105              0000000000000000000000000000000000000000000000003750000000000000000000000000001091105                         0000000000000000000000000                                             000061
102021974950001161584870000003760                             82090930120      000                        1421081105                              101105000000000750010408770000000000000125647101091105              0000000000000000000000000000000000000000000000007500000000000000000000000000001091105                         0000000000000000000000000                                             000062
102021974950001161584870000003760                             82090937125      000                        1421081105                              101105000000000375010408770000000000000125647101091105              0000000000000000000000000000000000000000000000003750000000000000000000000000001091105                         0000000000000000000000000                                             000063
102021974950001161584870000003760                             82091001123      000                        1421081105                              101105000000000750006500016000000000000270663101091105              0000000000000000000000000000000000000000000000007500000000000000000000000000001091105                         0000000000000000000000000                                             000064
102021974950001161584870000003760                             82091011129      000                        1421081105                              101105000000000375006500016000000000000270663101091105              0000000000000000000000000000000000000000000000003750000000000000000000000000001091105                         0000000000000000000000000                                             000065
102021974950001161584870000003760                             82091022120      000                        1421081105                              101105000000000375010408770000000000000125647101091105              0000000000000000000000000000000000000000000000003750000000000000000000000000001091105                         0000000000000000000000000                                             000066
102021974950001161584870000003760                             82091026126      000                        1421081105                              101105000000000375006500016000000000000270663101091105              0000000000000000000000000000000000000000000000003750000000000000000000000000001091105                         0000000000000000000000000                                             000067
102021974950001161584870000003760                             82091102124      000                        1421081105                              101105000000000640006500016000000000000270663101091105              0000000000000000000000000000000000000000000000006400000000000000000000000000001091105                         0000000000000000000000000                                             000068
102021974950001161584870000003760                             82091106120      000                        1421081105                              101105000000000640006500016000000000000270663101091105              0000000000000000000000000000000000000000000000006400000000000000000000000000001091105                         0000000000000000000000000                                             000069
102021974950001161584870000003760                             82091108122      000                        1421081105                              101105000000000640006500016000000000000270663101091105              0000000000000000000000000000000000000000000000006400000000000000000000000000001091105                         0000000000000000000000000                                             000070
102021974950001161584870000003760                             82091109129      000                        1421081105                              101105000000000640010408770000000000000125647101091105              0000000000000000000000000000000000000000000000006400000000000000000000000000001091105                         0000000000000000000000000                                             000071
102021974950001161584870000003760                             82091202129      000                        1421081105                              101105000000000640010400540000000000000125647101091105              0000000000000000000000000000000000000000000000006400000000000000000000000000001091105                         0000000000000000000000000                                             000072
102021974950001161584870000003760                             82091210121      000                        1421081105                              101105000000000640010400540000000000000125647101091105              0000000000000000000000000000000000000000000000006400000000000000000000000000001091105                         0000000000000000000000000                                             000073
102021974950001161584870000003760                             82091211128      000                        1421081105                              101105000000000640010400540000000000000125647101091105              0000000000000000000000000000000000000000000000006400000000000000000000000000001091105                         0000000000000000000000000                                             000074
102021974950001161584870000003760                             82091214127      000                        1421081105                              101105000000000640010400540000000000000125647101091105              0000000000000000000000000000000000000000000000006400000000000000000000000000001091105                         0000000000000000000000000                                             000075
102021974950001161584870000003760                             82091216120      000                        1421081105                              101105000000000640010400540000000000000125647101091105              0000000000000000000000000000000000000000000000006400000000000000000000000000001091105                         0000000000000000000000000                                             000076
102021974950001161584870000003760                             82120106129      000                        1421081105                              101105000000000550010421245000000000000125647101091105              0000000000000000000000000000000000000000000000005500000000000000000000000000001091105                         0000000000000000000000000                                             000077
102021974950001161584870000003760                             82120112129      000                        1421081105                              101105000000000550010421245000000000000125647101091105              0000000000000000000000000000000000000000000000005500000000000000000000000000001091105                         0000000000000000000000000                                             000078
102021974950001161584870000003760                             82120114121      000                        1421081105                              101105000000000550010421245000000000000125647101091105              0000000000000000000000000000000000000000000000005500000000000000000000000000001091105                         0000000000000000000000000                                             000079
102021974950001161584870000003760                             82120118127      000                        1421081105                              101105000000000550010421245000000000000125647101091105              0000000000000000000000000000000000000000000000005500000000000000000000000000001091105                         0000000000000000000000000                                             000080
102021974950001161584870000003760                             82120121128      000                        1421081105                              101105000000000550010421245000000000000125647101091105              0000000000000000000000000000000000000000000000005500000000000000000000000000001091105                         0000000000000000000000000                                             000081
102021974950001161584870000003760                             82120128122      000                        1421081105                              101105000000000550010421245000000000000125647101091105              0000000000000000000000000000000000000000000000005500000000000000000000000000001091105                         0000000000000000000000000                                             000082
102021974950001161584870000003760                             82120130127      000                        1421081105                              101105000000000550010421245000000000000125647101091105              0000000000000000000000000000000000000000000000005500000000000000000000000000001091105                         0000000000000000000000000                                             000083
102021974950001161584870000003760                             82120132120      000                        1421081105                              101105000000000550010421245000000000000125647101091105              0000000000000000000000000000000000000000000000005500000000000000000000000000001091105                         0000000000000000000000000                                             000084
102021974950001161584870000003760                             82130128133      000                        1421081105                              101105000000000860010409148000000000000125647101091105              0000000000000000000000000000000000000000000000008600000000000000000000000000001091105                         0000000000000000000000000                                             000085
102021974950001161584870000003760                             82130307135      000                        1421081105                              101105000000000860010409148000000000000125647101091105              0000000000000000000000000000000000000000000000008600000000000000000000000000001091105                         0000000000000000000000000                                             000086
102021974950001161584870000003760                             82130311132      000                        1421081105                              101105000000000860000109816000000000000270663101091105              0000000000000000000000000000000000000000000000008600000000000000000000000000001091105                         0000000000000000000000000                                             000087
102021974950001161584870000003760                             82130312139      000                        1421081105                              101105000000000860010409148000000000000125647101091105              0000000000000000000000000000000000000000000000008600000000000000000000000000001091105                         0000000000000000000000000                                             000088
102021974950001161584870000003760                             82999026881      000                        1421081105                              301105000000000860075641796000000000000270663101091105              0000000000000000000000000000000000000000000000008600000000000000000000000000001091105                         0000000000000000000000000                                             000089
102021974950001161584870000003760                             82999026890      000                        1421081105                              301105000000000860075641796000000000000270663101091105              0000000000000000000000000000000000000000000000008600000000000000000000000000001091105                         0000000000000000000000000                                             000090
102021974950001161584870000003760                             82999028396      000                        1421081105                              301105000000000750002410656000000000000270663101091105              0000000000000000000000000000000000000000000000007500000000000000000000000000001091105                         0000000000000000000000000                                             000091
9201104                                                                                                                                                                                                                                                                                                                                                                                                   000092
