02RETORNO01COBRANCA       1584870000003760    IPAD                          104C ECON FEDERAL 070307                                                                                                                                                                                                                                                                                                 00403000001
102021974950001161584870000003760                             82000053176      000                        1421070307                              000000000000000800010405592000000000000125647101080307              0000000000000000000000000000000000000000000000008000000000000000000000000000001080307                         0000000000000000000000000                                             000002
102021974950001161584870000003760                             82030734171      000                        1421070307                              100207000000000760010409148000000000000125647101080307              0000000000000000000000000000000000000000000000007942000000000034200000000000001080307                         0000000000000000000000000                                             000003
102021974950001161584870000003760                             82031123117      000                        1421070307                              101106000000000760010424465000000000000240655100070307              0000000000000000000000000000000000000000000000008641000000000104100000000000001070307                         0000000000000000000000000                                             000004
102021974950001161584870000003760                             82031123125      000                        1421070307                              101206000000000760010424465000000000000240655100070307              0000000000000000000000000000000000000000000000008440000000000084000000000000001070307                         0000000000000000000000000                                             000005
102021974950001161584870000003760                             82031123133      000                        1421070307                              100107000000000760010424465000000000000240655100070307              0000000000000000000000000000000000000000000000008200000000000060000000000000001070307                         0000000000000000000000000                                             000006
102021974950001161584870000003760                             82031123141      000                        1421070307                              100207000000000760010424465000000000000240655100070307              0000000000000000000000000000000000000000000000007952000000000035200000000000001070307                         0000000000000000000000000                                             000007
102021974950001161584870000003760                             82031123150      000                        1421070307                              100307000000000760010424465000000000000240655100070307              0000000000000000000000000000000000000000000000007600000000000000000000000000001070307                         0000000000000000000000000                                             000008
102021974950001161584870000003760                             82071309114      000                        1421070307                              101106000000000760010421245000000000000125647101080307              0000000000000000000000000000000000000000000000008571000000000097100000000000001080307                         0000000000000000000000000                                             000009
102021974950001161584870000003760                             82071309122      000                        1421070307                              101206000000000760010421245000000000000125647101080307              0000000000000000000000000000000000000000000000008361000000000076100000000000001080307                         0000000000000000000000000                                             000010
102021974950001161584870000003760                             82071318156      000                        1421070307                              100307000000000760010421245000000000000125647101080307              0000000000000000000000000000000000000000000000007600000000000000000000000000001080307                         0000000000000000000000000                                             000011
102021974950001161584870000003760                             82111004157      000                        1421070307                              110307000000000760007347476000000000000270663101080307              0000000000000000000000000000000000000000000000007600000000000000000000000000001080307                         0000000000000000000000000                                             000012
102021974950001161584870000003760                             82111011153      000                        1421070307                              110307000000000760023716956000000000000270663101080307              0000000000000000000000000000000000000000000000007600000000000000000000000000001080307                         0000000000000000000000000                                             000013
102021974950001161584870000003760                             82111014152      000                        1421070307                              110307000000000760010407765000000000000125647101080307              0000000000000000000000000000000000000000000000007600000000000000000000000000001080307                         0000000000000000000000000                                             000014
102021974950001161584870000003760                             82111018158      000                        1421070307                              110307000000000760010407765000000000000125647101080307              0000000000000000000000000000000000000000000000007600000000000000000000000000001080307                         0000000000000000000000000                                             000015
102021974950001161584870000003760                             82130405161      000                        1421070307                              100307000000000760006500016000000000000270663101080307              0000000000000000000000000000000000000000000000007600000000000000000000000000001080307                         0000000000000000000000000                                             000016
102021974950001161584870000003760                             82130415167      000                        1421070307                              100307000000000760006500016000000000000270663101080307              0000000000000000000000000000000000000000000000007600000000000000000000000000001080307                         0000000000000000000000000                                             000017
102021974950001161584870000003760                             82130429168      000                        1421070307                              100307000000000760010409148000000000000125647101080307              0000000000000000000000000000000000000000000000007600000000000000000000000000001080307                         0000000000000000000000000                                             000018
102021974950001161584870000003760                             82130431162      000                        1421070307                              100307000000000760010409148000000000000125647101080307              0000000000000000000000000000000000000000000000007600000000000000000000000000001080307                         0000000000000000000000000                                             000019
9201104                                                                                                                                                                                                                                                                                                                                                                                                   000020
