02RETORNO01COBRANCA       1584870000003760    IPAD                          104C ECON FEDERAL 271005                                                                                                                                                                                                                                                                                                 00068000001
102021974950001161584870000003760                             82040623127      000                        1421271005                              101105000000000860023732126000000000000270663101281005              0000000000000000000000000000000000000000000000008600000000000000000000000000001281005                         0000000000000000000000000                                             000002
102021974950001161584870000003760                             82060141128      000                        1421271005                              271005000000000860010406483000000000000125647101281005              0000000000000000000000000000000000000000000000008600000000000000000000000000001281005                         0000000000000000000000000                                             000003
102021974950001161584870000003760                             82070208128      000                        1421271005                              000000000000000860039928996000000000000270663101281005              0000000000000000000000000000000000000000000000008600000000000000000000000000001281005                         0000000000000000000000000                                             000004
102021974950001161584870000003760                             82999028310      000                        1421271005                              301105000000000750010407749000000000000125647101281005              0000000000000000000000000000000000000000000000007500000000000000000000000000001281005                         0000000000000000000000000                                             000005
102021974950001161584870000003760                             82999028337      000                        1421271005                              301105000000000750010407749000000000000125647101281005              0000000000000000000000000000000000000000000000007500000000000000000000000000001281005                         0000000000000000000000000                                             000006
102021974950001161584870000003760                             82999028477      000                        1421271005                              301105000000000750002410656000000000000270663101281005              0000000000000000000000000000000000000000000000007500000000000000000000000000001281005                         0000000000000000000000000                                             000007
102021974950001161584870000003760                             82999028680      000                        1421271005                              151105000000000860006500016000000000000270663101281005              0000000000000000000000000000000000000000000000008600000000000000000000000000001281005                         0000000000000000000000000                                             000008
102021974950001161584870000003760                             82999029325      000                        1421271005                              301005000000000750000109176000000000000270663101281005              0000000000000000000000000000000000000000000000007500000000000000000000000000001281005                         0000000000000000000000000                                             000009
102021974950001161584870000003760                             82999030625      000                        1421271005                              271005000000000860002410156000000000000270663101281005              0000000000000000000000000000000000000000000000008600000000000000000000000000001281005                         0000000000000000000000000                                             000010
102021974950001161584870000003760                             82999030641      000                        1421271005                              271005000000000860000118356000000000000270663101281005              0000000000000000000000000000000000000000000000008600000000000000000000000000001281005                         0000000000000000000000000                                             000011
9201104                                                                                                                                                                                                                                                                                                                                                                                                   000012
