02RETORNO01COBRANCA       1584870000003760    IPAD                          104C ECON FEDERAL 040805                                                                                                                                                                                                                                                                                                 00019000001
102021974950001161584870000003760                             82999009022      000                        1421040805                              100805000000001000010415830000000000000240655100040805              0000000000000000000000000000000000000000000000010000000000000000000000000000001040805                         0000000000000000000000000                                             000002
102021974950001161584870000003760                             82999374103      000                        1421040805                              100805000000000860010408770000000000000125647101050805              0000000000000000000000000000000000000000000000008600000000000000000000000000001050805                         0000000000000000000000000                                             000003
102021974950001161584870000003760                             82999375525      000                        1421040805                              100805000000000860010400523000000000000125647101050805              0000000000000000000000000000000000000000000000008600000000000000000000000000001050805                         0000000000000000000000000                                             000004
102021974950001161584870000003760                             82999379300      000                        1421040805                              100805000000000860010430171000000000000125647101050805              0000000000000000000000000000000000000000000000008600000000000000000000000000001050805                         0000000000000000000000000                                             000005
102021974950001161584870000003760                             82999379326      000                        1421040805                              100805000000000860010430171000000000000125647101050805              0000000000000000000000000000000000000000000000008600000000000000000000000000001050805                         0000000000000000000000000                                             000006
102021974950001161584870000003760                             82999379342      000                        1421040805                              100805000000000860010430171000000000000125647101050805              0000000000000000000000000000000000000000000000008600000000000000000000000000001050805                         0000000000000000000000000                                             000007
102021974950001161584870000003760                             82999382688      000                        1421040805                              100805000000000860010409148000000000000125647101050805              0000000000000000000000000000000000000000000000008600000000000000000000000000001050805                         0000000000000000000000000                                             000008
102021974950001161584870000003760                             82999383820      000                        1421040805                              000000000000000860039928996000000000000270663101050805              0000000000000000000000000000000000000000000000008600000000000000000000000000001050805                         0000000000000000000000000                                             000009
102021974950001161584870000003760                             82999384907      000                        1421040805                              100805000000000860010400523000000000000125620101050805              0000000000000000000000000000000000000000000000008600000000000000000000000000001050805                         0000000000000000000000000                                             000010
9201104                                                                                                                                                                                                                                                                                                                                                                                                   000011
