02RETORNO01COBRANCA       1584870000003760    IPAD                          104C ECON FEDERAL 080206                                                                                                                                                                                                                                                                                                 00139000001
102021974950001161584870000003760                             82010110148      000                        1421080206                              100206000000000750000121296000000000000270663101090206              0000000000000000000000000000000000000000000000007500000000000000000000000000001090206                         0000000000000000000000000                                             000002
102021974950001161584870000003760                             82010120143      000                        1421080206                              100206000000000750010414338000000000000125647101090206              0000000000000000000000000000000000000000000000007500000000000000000000000000001090206                         0000000000000000000000000                                             000003
102021974950001161584870000003760                             82010123142      000                        1421080206                              100206000000000750075641796000000000000270663101090206              0000000000000000000000000000000000000000000000007500000000000000000000000000001090206                         0000000000000000000000000                                             000004
102021974950001161584870000003760                             82010203146      000                        1421080206                              100206000000000420010414338000000000000125647101090206              0000000000000000000000000000000000000000000000004200000000000000000000000000001090206                         0000000000000000000000000                                             000005
102021974950001161584870000003760                             82010219140      000                        1421080206                              100206000000000420010414338000000000000125647101090206              0000000000000000000000000000000000000000000000004200000000000000000000000000001090206                         0000000000000000000000000                                             000006
102021974950001161584870000003760                             82010224143      000                        1421080206                              100206000000000420000117546000000000000270663101090206              0000000000000000000000000000000000000000000000004200000000000000000000000000001090206                         0000000000000000000000000                                             000007
102021974950001161584870000003760                             82010225140      000                        1421080206                              100206000000000420006500016000000000000270663101090206              0000000000000000000000000000000000000000000000004200000000000000000000000000001090206                         0000000000000000000000000                                             000008
102021974950001161584870000003760                             82030118144      000                        1421080206                              100206000000000750010424465000000000000125647101090206              0000000000000000000000000000000000000000000000007500000000000000000000000000001090206                         0000000000000000000000000                                             000009
102021974950001161584870000003760                             82030132147      000                        1421080206                              100206000000000750010424465000000000000125647101090206              0000000000000000000000000000000000000000000000007500000000000000000000000000001090206                         0000000000000000000000000                                             000010
102021974950001161584870000003760                             82040109156      000                        1421080206                              100206000000000430075641796000000000000270663101090206              0000000000000000000000000000000000000000000000004300000000000000000000000000001090206                         0000000000000000000000000                                             000011
102021974950001161584870000003760                             82040110154      000                        1421080206                              100206000000000430075641796000000000000270663101090206              0000000000000000000000000000000000000000000000004300000000000000000000000000001090206                         0000000000000000000000000                                             000012
102021974950001161584870000003760                             82040204159      000                        1421080206                              100206000000000860010400523000000000000125647101090206              0000000000000000000000000000000000000000000000008600000000000000000000000000001090206                         0000000000000000000000000                                             000013
102021974950001161584870000003760                             82040225156      000                        1421080206                              100206000000000430006500016000000000000270663101090206              0000000000000000000000000000000000000000000000004300000000000000000000000000001090206                         0000000000000000000000000                                             000014
102021974950001161584870000003760                             82040232152      000                        1421080206                              100206000000000430006500016000000000000270663101090206              0000000000000000000000000000000000000000000000004300000000000000000000000000001090206                         0000000000000000000000000                                             000015
102021974950001161584870000003760                             82040233159      000                        1421080206                              100206000000000430007347476000000000000270663101090206              0000000000000000000000000000000000000000000000004300000000000000000000000000001090206                         0000000000000000000000000                                             000016
102021974950001161584870000003760                             82040326157      000                        1421080206                              100206000000000360010400523000000000000125647101090206              0000000000000000000000000000000000000000000000003600000000000000000000000000001090206                         0000000000000000000000000                                             000017
102021974950001161584870000003760                             82040414153      000                        1421080206                              100206000000000860010400523000000000000125647101090206              0000000000000000000000000000000000000000000000008600000000000000000000000000001090206                         0000000000000000000000000                                             000018
102021974950001161584870000003760                             82040521154      000                        1421080206                              100206000000000860010421709000000000000125620101090206              0000000000000000000000000000000000000000000000008600000000000000000000000000001090206                         0000000000000000000000000                                             000019
102021974950001161584870000003760                             82040528140      000                        1421080206                              150206000000000860010400523000000000000125620101090206              0000000000000000000000000000000000000000000000008600000000000000000000000000001090206                         0000000000000000000000000                                             000020
102021974950001161584870000003760                             82040530153      000                        1421080206                              100206000000000860000100676000000000000270663101090206              0000000000000000000000000000000000000000000000008600000000000000000000000000001090206                         0000000000000000000000000                                             000021
102021974950001161584870000003760                             82040535155      000                        1421080206                              100206000000000860006500016000000000000270663101090206              0000000000000000000000000000000000000000000000008600000000000000000000000000001090206                         0000000000000000000000000                                             000022
102021974950001161584870000003760                             82040604157      000                        1421080206                              100206000000000860075641796000000000000270663101090206              0000000000000000000000000000000000000000000000008600000000000000000000000000001090206                         0000000000000000000000000                                             000023
102021974950001161584870000003760                             82040605153      000                        1421080206                              100206000000000860010400523000000000000125647101090206              0000000000000000000000000000000000000000000000008600000000000000000000000000001090206                         0000000000000000000000000                                             000024
102021974950001161584870000003760                             82040618158      000                        1421080206                              100206000000000860075641796000000000000270663101090206              0000000000000000000000000000000000000000000000008600000000000000000000000000001090206                         0000000000000000000000000                                             000025
102021974950001161584870000003760                             82050104157      000                        1421080206                              100206000000000400006500016000000000000270663101090206              0000000000000000000000000000000000000000000000004000000000000000000000000000001090206                         0000000000000000000000000                                             000026
102021974950001161584870000003760                             82050106150      000                        1421080206                              100206000000000400006500016000000000000270663101090206              0000000000000000000000000000000000000000000000004000000000000000000000000000001090206                         0000000000000000000000000                                             000027
102021974950001161584870000003760                             82050109159      000                        1421080206                              100206000000000400010400531000000000000125647101090206              0000000000000000000000000000000000000000000000004000000000000000000000000000001090206                         0000000000000000000000000                                             000028
102021974950001161584870000003760                             82050111153      000                        1421080206                              100206000000000400006500016000000000000270663101090206              0000000000000000000000000000000000000000000000004000000000000000000000000000001090206                         0000000000000000000000000                                             000029
102021974950001161584870000003760                             82050112150      000                        1421080206                              100206000000000400006500016000000000000270663101090206              0000000000000000000000000000000000000000000000004000000000000000000000000000001090206                         0000000000000000000000000                                             000030
102021974950001161584870000003760                             82050121159      000                        1421080206                              100206000000000400006500016000000000000270663101090206              0000000000000000000000000000000000000000000000004000000000000000000000000000001090206                         0000000000000000000000000                                             000031
102021974950001161584870000003760                             82050123151      000                        1421080206                              100206000000000400006500016000000000000270663101090206              0000000000000000000000000000000000000000000000004000000000000000000000000000001090206                         0000000000000000000000000                                             000032
102021974950001161584870000003760                             82050126150      000                        1421080206                              100206000000000400006500016000000000000270663101090206              0000000000000000000000000000000000000000000000004000000000000000000000000000001090206                         0000000000000000000000000                                             000033
102021974950001161584870000003760                             82050130158      000                        1421080206                              100206000000000400006500016000000000000270663101090206              0000000000000000000000000000000000000000000000004000000000000000000000000000001090206                         0000000000000000000000000                                             000034
102021974950001161584870000003760                             82050203155      000                        1421080206                              100206000000000400002410106000000000000270663101090206              0000000000000000000000000000000000000000000000004000000000000000000000000000001090206                         0000000000000000000000000                                             000035
102021974950001161584870000003760                             82050206154      000                        1421080206                              100206000000000400006500016000000000000270663101090206              0000000000000000000000000000000000000000000000004000000000000000000000000000001090206                         0000000000000000000000000                                             000036
102021974950001161584870000003760                             82050211158      000                        1421080206                              100206000000000400007347476000000000000270663101090206              0000000000000000000000000000000000000000000000004000000000000000000000000000001090206                         0000000000000000000000000                                             000037
102021974950001161584870000003760                             82050215137      000                        1421080206                              101205000000000400010412955000000000000125647101090206              0000000000000000000000000000000000000000000000004320000000000032000000000000001090206                         0000000000000000000000000                                             000038
102021974950001161584870000003760                             82050215145      000                        1421080206                              100106000000000400010412955000000000000125647101090206              0000000000000000000000000000000000000000000000004196000000000019600000000000001090206                         0000000000000000000000000                                             000039
102021974950001161584870000003760                             82050222150      000                        1421080206                              100206000000000400006500016000000000000270663101090206              0000000000000000000000000000000000000000000000004000000000000000000000000000001090206                         0000000000000000000000000                                             000040
102021974950001161584870000003760                             82050226147      000                        1421080206                              100106000000000400010400531000000000000125647101090206              0000000000000000000000000000000000000000000000004196000000000019600000000000001090206                         0000000000000000000000000                                             000041
102021974950001161584870000003760                             82050226155      000                        1421080206                              100206000000000400010400531000000000000125647101090206              0000000000000000000000000000000000000000000000004000000000000000000000000000001090206                         0000000000000000000000000                                             000042
102021974950001161584870000003760                             82050229154      000                        1421080206                              100206000000000400006500016000000000000270663101090206              0000000000000000000000000000000000000000000000004000000000000000000000000000001090206                         0000000000000000000000000                                             000043
102021974950001161584870000003760                             82050236150      000                        1421080206                              100206000000000400006500016000000000000270663101090206              0000000000000000000000000000000000000000000000004000000000000000000000000000001090206                         0000000000000000000000000                                             000044
102021974950001161584870000003760                             82050304156      000                        1421080206                              100206000000000860006500016000000000000270663101090206              0000000000000000000000000000000000000000000000008600000000000000000000000000001090206                         0000000000000000000000000                                             000045
102021974950001161584870000003760                             82050319145      000                        1421080206                              100106000000000860010427782000000000000125647101090206              0000000000000000000000000000000000000000000000009021000000000042100000000000001090206                         0000000000000000000000000                                             000046
102021974950001161584870000003760                             82050327156      000                        1421080206                              100206000000000860023732116000000000000270663101090206              0000000000000000000000000000000000000000000000008600000000000000000000000000001090206                         0000000000000000000000000                                             000047
102021974950001161584870000003760                             82050333156      000                        1421080206                              100206000000000860010427782000000000000125647101090206              0000000000000000000000000000000000000000000000008600000000000000000000000000001090206                         0000000000000000000000000                                             000048
102021974950001161584870000003760                             82060220141      000                        1421080206                              100206000000000860010421911000000000000125647101090206              0000000000000000000000000000000000000000000000008600000000000000000000000000001090206                         0000000000000000000000000                                             000049
102021974950001161584870000003760                             82060228142      000                        1421080206                              100206000000000860075641796000000000000270663101090206              0000000000000000000000000000000000000000000000008600000000000000000000000000001090206                         0000000000000000000000000                                             000050
102021974950001161584870000003760                             82060229149      000                        1421080206                              100206000000000860075641796000000000000270663101090206              0000000000000000000000000000000000000000000000008600000000000000000000000000001090206                         0000000000000000000000000                                             000051
102021974950001161584870000003760                             82070114158      000                        1421080206                              100206000000000860010410308000000000000125647101090206              0000000000000000000000000000000000000000000000008600000000000000000000000000001090206                         0000000000000000000000000                                             000052
102021974950001161584870000003760                             82070115154      000                        1421080206                              100206000000000860010415806000000000000125647101090206              0000000000000000000000000000000000000000000000008600000000000000000000000000001090206                         0000000000000000000000000                                             000053
102021974950001161584870000003760                             82070215159      000                        1421080206                              000000000000000860039928996000000000000270663101090206              0000000000000000000000000000000000000000000000008600000000000000000000000000001090206                         0000000000000000000000000                                             000054
102021974950001161584870000003760                             82070218158      000                        1421080206                              100206000000000860010412947000000000000125647101090206              0000000000000000000000000000000000000000000000008600000000000000000000000000001090206                         0000000000000000000000000                                             000055
102021974950001161584870000003760                             82070219146      000                        1421080206                              100106000000000860010409172000000000000125647101090206              0000000000000000000000000000000000000000000000009021000000000042100000000000001090206                         0000000000000000000000000                                             000056
102021974950001161584870000003760                             82070219154      000                        1421080206                              100206000000000860010409172000000000000125647101090206              0000000000000000000000000000000000000000000000008600000000000000000000000000001090206                         0000000000000000000000000                                             000057
102021974950001161584870000003760                             82070312146      000                        1421080206                              150106000000000860010410316000000000000125647101090206              0000000000000000000000000000000000000000000000008988000000000038800000000000001090206                         0000000000000000000000000                                             000058
102021974950001161584870000003760                             82070516159      000                        1421080206                              150206000000000860010406483000000000000125647101090206              0000000000000000000000000000000000000000000000008600000000000000000000000000001090206                         0000000000000000000000000                                             000059
102021974950001161584870000003760                             82090101159      000                        1421080206                              100206000000000750010400540000000000000125647101090206              0000000000000000000000000000000000000000000000007500000000000000000000000000001090206                         0000000000000000000000000                                             000060
102021974950001161584870000003760                             82090106150      000                        1421080206                              100206000000000750010400540000000000000125647101090206              0000000000000000000000000000000000000000000000007500000000000000000000000000001090206                         0000000000000000000000000                                             000061
102021974950001161584870000003760                             82090206155      000                        1421080206                              100206000000000750006500016000000000000270663101090206              0000000000000000000000000000000000000000000000007500000000000000000000000000001090206                         0000000000000000000000000                                             000062
102021974950001161584870000003760                             82090310157      000                        1421080206                              100206000000000750006500016000000000000270663101090206              0000000000000000000000000000000000000000000000007500000000000000000000000000001090206                         0000000000000000000000000                                             000063
102021974950001161584870000003760                             82090401152      000                        1421080206                              100206000000000750010400540000000000000125647101090206              0000000000000000000000000000000000000000000000007500000000000000000000000000001090206                         0000000000000000000000000                                             000064
102021974950001161584870000003760                             82090421153      000                        1421080206                              100206000000000750010400540000000000000125647101090206              0000000000000000000000000000000000000000000000007500000000000000000000000000001090206                         0000000000000000000000000                                             000065
102021974950001161584870000003760                             82090602158      000                        1421080206                              100206000000000750007347476000000000000270663101090206              0000000000000000000000000000000000000000000000007500000000000000000000000000001090206                         0000000000000000000000000                                             000066
102021974950001161584870000003760                             82090622159      000                        1421080206                              100206000000000375010408770000000000000125647101090206              0000000000000000000000000000000000000000000000003750000000000000000000000000001090206                         0000000000000000000000000                                             000067
102021974950001161584870000003760                             82090705151      000                        1421080206                              100206000000000750023718776000000000000270663101090206              0000000000000000000000000000000000000000000000007500000000000000000000000000001090206                         0000000000000000000000000                                             000068
102021974950001161584870000003760                             82090707154      000                        1421080206                              100206000000000750006500016000000000000270663101090206              0000000000000000000000000000000000000000000000007500000000000000000000000000001090206                         0000000000000000000000000                                             000069
102021974950001161584870000003760                             82090720142      000                        1421080206                              100106000000000750010408770000000000000125647101090206              0000000000000000000000000000000000000000000000007853000000000035300000000000001090206                         0000000000000000000000000                                             000070
102021974950001161584870000003760                             82090726159      000                        1421080206                              100206000000000750006500016000000000000270663101090206              0000000000000000000000000000000000000000000000007500000000000000000000000000001090206                         0000000000000000000000000                                             000071
102021974950001161584870000003760                             82090830134      000                        1421080206                              100206000000000450010408770000000000000125647101090206              0000000000000000000000000000000000000000000000004500000000000000000000000000001090206                         0000000000000000000000000                                             000072
102021974950001161584870000003760                             82090904154      000                        1421080206                              100206000000000750010408770000000000000125647101090206              0000000000000000000000000000000000000000000000007500000000000000000000000000001090206                         0000000000000000000000000                                             000073
102021974950001161584870000003760                             82090909156      000                        1421080206                              100206000000000750010408770000000000000125647101090206              0000000000000000000000000000000000000000000000007500000000000000000000000000001090206                         0000000000000000000000000                                             000074
102021974950001161584870000003760                             82090918155      000                        1421080206                              100206000000000750010408770000000000000125647101090206              0000000000000000000000000000000000000000000000007500000000000000000000000000001090206                         0000000000000000000000000                                             000075
102021974950001161584870000003760                             82090920141      000                        1421080206                              100106000000000375010412424000000000000125647101090206              0000000000000000000000000000000000000000000000003900000000000015000000000000001090206                         0000000000000000000000000                                             000076
102021974950001161584870000003760                             82090928150      000                        1421080206                              100206000000000375010408770000000000000125647101090206              0000000000000000000000000000000000000000000000003750000000000000000000000000001090206                         0000000000000000000000000                                             000077
102021974950001161584870000003760                             82091026150      000                        1421080206                              100206000000000375006500016000000000000270663101090206              0000000000000000000000000000000000000000000000003750000000000000000000000000001090206                         0000000000000000000000000                                             000078
102021974950001161584870000003760                             82091030158      000                        1421080206                              100206000000000375010408770000000000000125647101090206              0000000000000000000000000000000000000000000000003750000000000000000000000000001090206                         0000000000000000000000000                                             000079
102021974950001161584870000003760                             82091208143      000                        1421080206                              100106000000000750010400540000000000000125647101090206              0000000000000000000000000000000000000000000000007867000000000036700000000000001090206                         0000000000000000000000000                                             000080
102021974950001161584870000003760                             82110324140      000                        1421080206                              100206000000000860010407765000000000000125647101090206              0000000000000000000000000000000000000000000000008600000000000000000000000000001090206                         0000000000000000000000000                                             000081
102021974950001161584870000003760                             82120126154      000                        1421080206                              100206000000000650010421245000000000000125647101090206              0000000000000000000000000000000000000000000000006500000000000000000000000000001090206                         0000000000000000000000000                                             000082
102021974950001161584870000003760                             82130105168      000                        1421080206                              100206000000000860006500016000000000000270663101090206              0000000000000000000000000000000000000000000000008600000000000000000000000000001090206                         0000000000000000000000000                                             000083
102021974950001161584870000003760                             82130109163      000                        1421080206                              100206000000000860006500016000000000000270663101090206              0000000000000000000000000000000000000000000000008600000000000000000000000000001090206                         0000000000000000000000000                                             000084
102021974950001161584870000003760                             82130202163      000                        1421080206                              100206000000000860010409148000000000000125647101090206              0000000000000000000000000000000000000000000000008600000000000000000000000000001090206                         0000000000000000000000000                                             000085
102021974950001161584870000003760                             82130314166      000                        1421080206                              100206000000000860075641796000000000000270663101090206              0000000000000000000000000000000000000000000000008600000000000000000000000000001090206                         0000000000000000000000000                                             000086
9201104                                                                                                                                                                                                                                                                                                                                                                                                   000087
