02RETORNO01COBRANCA       1584870000003760    IPAD                          104C ECON FEDERAL 080806                                                                                                                                                                                                                                                                                                 00262000001
102021974950001161584870000003760                             82000046315      000                        1421080806                              000000000000000760006500016000000000000270663101090806              0000000000000000000000000000000000000000000000007600000000000000000000000000001090806                         0000000000000000000000000                                             000002
102021974950001161584870000003760                             82030202137      000                        1421080806                              100806000000000760010409156000000000000125647101090806              0000000000000000000000000000000000000000000000007600000000000000000000000000001090806                         0000000000000000000000000                                             000003
102021974950001161584870000003760                             82030207139      000                        1421080806                              100806000000000760010409156000000000000125647101090806              0000000000000000000000000000000000000000000000007600000000000000000000000000001090806                         0000000000000000000000000                                             000004
102021974950001161584870000003760                             82030211136      000                        1421080806                              000000000000000760039928996000000000000270663101090806              0000000000000000000000000000000000000000000000007600000000000000000000000000001090806                         0000000000000000000000000                                             000005
102021974950001161584870000003760                             82030215131      000                        1421080806                              100806000000000760010409156000000000000125620101090806              0000000000000000000000000000000000000000000000007600000000000000000000000000001090806                         0000000000000000000000000                                             000006
102021974950001161584870000003760                             82030231137      000                        1421080806                              100806000000000760010409156000000000000125647101090806              0000000000000000000000000000000000000000000000007600000000000000000000000000001090806                         0000000000000000000000000                                             000007
102021974950001161584870000003760                             82030310150      000                        1421080806                              300706000000000860010409156000000000000125647101090806              0000000000000000000000000000000000000000000000008844000000000024400000000000001090806                         0000000000000000000000000                                             000008
102021974950001161584870000003760                             82030419152      000                        1421080806                              100806000000000760010407757000000000000125647101090806              0000000000000000000000000000000000000000000000007600000000000000000000000000001090806                         0000000000000000000000000                                             000009
102021974950001161584870000003760                             82030421157      000                        1421080806                              100806000000000760010407757000000000000125647101090806              0000000000000000000000000000000000000000000000007600000000000000000000000000001090806                         0000000000000000000000000                                             000010
102021974950001161584870000003760                             82030427155      000                        1421080806                              100806000000000760010407757000000000000125647101090806              0000000000000000000000000000000000000000000000007600000000000000000000000000001090806                         0000000000000000000000000                                             000011
102021974950001161584870000003760                             82030433155      000                        1421080806                              000000000000000760039928996000000000000270663101090806              0000000000000000000000000000000000000000000000007600000000000000000000000000001090806                         0000000000000000000000000                                             000012
102021974950001161584870000003760                             82030541128      000                        1421080806                              150806000000000760010409148000000000000125647101090806              0000000000000000000000000000000000000000000000007600000000000000000000000000001090806                         0000000000000000000000000                                             000013
102021974950001161584870000003760                             82030551123      000                        1421080806                              150806000000000760000127026000000000000270663101090806              0000000000000000000000000000000000000000000000007600000000000000000000000000001090806                         0000000000000000000000000                                             000014
102021974950001161584870000003760                             82030552120      000                        1421080806                              150806000000000760023730526000000000000270663101090806              0000000000000000000000000000000000000000000000007600000000000000000000000000001090806                         0000000000000000000000000                                             000015
102021974950001161584870000003760                             82030711112      000                        1421080806                              100806000000000760000111126000000000000270663101090806              0000000000000000000000000000000000000000000000007600000000000000000000000000001090806                         0000000000000000000000000                                             000016
102021974950001161584870000003760                             82030717110      000                        1421080806                              100806000000000760010409148000000000000125647101090806              0000000000000000000000000000000000000000000000007600000000000000000000000000001090806                         0000000000000000000000000                                             000017
102021974950001161584870000003760                             82030723110      000                        1421080806                              100806000000000760010409148000000000000125647101090806              0000000000000000000000000000000000000000000000007600000000000000000000000000001090806                         0000000000000000000000000                                             000018
102021974950001161584870000003760                             82030728112      000                        1421080806                              000000000000000760039928996000000000000270663101090806              0000000000000000000000000000000000000000000000007600000000000000000000000000001090806                         0000000000000000000000000                                             000019
102021974950001161584870000003760                             82030901124      000                        1421080806                              100806000000000760023732156000000000000270663101090806              0000000000000000000000000000000000000000000000007600000000000000000000000000001090806                         0000000000000000000000000                                             000020
102021974950001161584870000003760                             82030910123      000                        1421080806                              100806000000000760007347476000000000000270663101090806              0000000000000000000000000000000000000000000000007600000000000000000000000000001090806                         0000000000000000000000000                                             000021
102021974950001161584870000003760                             82030912118      000                        1421080806                              100706000000000760010407757000000000000125647101090806              0000000000000000000000000000000000000000000000007828000000000022800000000000001090806                         0000000000000000000000000                                             000022
102021974950001161584870000003760                             82060525120      000                        1421080806                              100806000000000760074822036000000000000270663101090806              0000000000000000000000000000000000000000000000007600000000000000000000000000001090806                         0000000000000000000000000                                             000023
102021974950001161584870000003760                             82060608140      000                        1421080806                              150706000000000750010408761000000000000240655100080806              0000000000000000000000000000000000000000000000007835000000000033500000000000001080806                         0000000000000000000000000                                             000024
102021974950001161584870000003760                             82060610152      000                        1421080806                              150806000000000750010412424000000000000125647101090806              0000000000000000000000000000000000000000000000007500000000000000000000000000001090806                         0000000000000000000000000                                             000025
102021974950001161584870000003760                             82060613143      000                        1421080806                              150706000000000750010412424000000000000240655100080806              0000000000000000000000000000000000000000000000007818000000000031800000000000001080806                         0000000000000000000000000                                             000026
102021974950001161584870000003760                             82060704157      000                        1421080806                              150806000000000860006500016000000000000270663101090806              0000000000000000000000000000000000000000000000008600000000000000000000000000001090806                         0000000000000000000000000                                             000027
102021974950001161584870000003760                             82060909131      000                        1421080806                              000000000000000760039928996000000000000270663101090806              0000000000000000000000000000000000000000000000007600000000000000000000000000001090806                         0000000000000000000000000                                             000028
102021974950001161584870000003760                             82071229129      000                        1421080806                              100806000000000760007347476000000000000270663101090806              0000000000000000000000000000000000000000000000007600000000000000000000000000001090806                         0000000000000000000000000                                             000029
9201104                                                                                                                                                                                                                                                                                                                                                                                                   000030
