02RETORNO01COBRANCA       1584870000003760    IPAD                          104C ECON FEDERAL 091006                                                                                                                                                                                                                                                                                                 00305000001
102021974950001161584870000003760                             82030212159      000                        1421091006                              101006000000000760010409156000000000000125647101101006              0000000000000000000000000000000000000000000000007600000000000000000000000000001101006                         0000000000000000000000000                                             000002
102021974950001161584870000003760                             82030215158      000                        1421091006                              101006000000000760010409156000000000000125620101101006              0000000000000000000000000000000000000000000000007600000000000000000000000000001101006                         0000000000000000000000000                                             000003
102021974950001161584870000003760                             82030233156      000                        1421091006                              101006000000000760006500016000000000000270663101101006              0000000000000000000000000000000000000000000000007600000000000000000000000000001101006                         0000000000000000000000000                                             000004
102021974950001161584870000003760                             82030316167      000                        1421091006                              101006000000000860006500016000000000000270663101101006              0000000000000000000000000000000000000000000000008600000000000000000000000000001101006                         0000000000000000000000000                                             000005
102021974950001161584870000003760                             82030334165      000                        1421091006                              101006000000000860010409156000000000000125647101101006              0000000000000000000000000000000000000000000000008600000000000000000000000000001101006                         0000000000000000000000000                                             000006
102021974950001161584870000003760                             82030403159      000                        1421091006                              100806000000000760010407757000000000000125647101101006              0000000000000000000000000000000000000000000000008165000000000056500000000000001101006                         0000000000000000000000000                                             000007
102021974950001161584870000003760                             82030406166      000                        1421091006                              100906000000000760010407757000000000000125647101101006              0000000000000000000000000000000000000000000000007955000000000035500000000000001101006                         0000000000000000000000000                                             000008
102021974950001161584870000003760                             82030410171      000                        1421091006                              101006000000000760010407757000000000000125647101101006              0000000000000000000000000000000000000000000000007600000000000000000000000000001101006                         0000000000000000000000000                                             000009
102021974950001161584870000003760                             82030434178      000                        1421091006                              101006000000000760010407757000000000000125647101101006              0000000000000000000000000000000000000000000000007600000000000000000000000000001101006                         0000000000000000000000000                                             000010
102021974950001161584870000003760                             82030502149      000                        1421091006                              151006000000000760010409156000000000000125620101101006              0000000000000000000000000000000000000000000000007600000000000000000000000000001101006                         0000000000000000000000000                                             000011
102021974950001161584870000003760                             82030548149      000                        1421091006                              151006000000000760010409148000000000000125620101101006              0000000000000000000000000000000000000000000000007600000000000000000000000000001101006                         0000000000000000000000000                                             000012
102021974950001161584870000003760                             82030705139      000                        1421091006                              101006000000000760010409148000000000000125647101101006              0000000000000000000000000000000000000000000000007600000000000000000000000000001101006                         0000000000000000000000000                                             000013
102021974950001161584870000003760                             82030707131      000                        1421091006                              101006000000000760010409148000000000000125647101101006              0000000000000000000000000000000000000000000000007600000000000000000000000000001101006                         0000000000000000000000000                                             000014
102021974950001161584870000003760                             82030719130      000                        1421091006                              000000000000000760039928996000000000000270663101101006              0000000000000000000000000000000000000000000000007600000000000000000000000000001101006                         0000000000000000000000000                                             000015
102021974950001161584870000003760                             82030720138      000                        1421091006                              000000000000000760039928996000000000000270663101101006              0000000000000000000000000000000000000000000000007600000000000000000000000000001101006                         0000000000000000000000000                                             000016
102021974950001161584870000003760                             82030724133      000                        1421091006                              000000000000000760039928996000000000000270663101101006              0000000000000000000000000000000000000000000000007600000000000000000000000000001101006                         0000000000000000000000000                                             000017
102021974950001161584870000003760                             82030725130      000                        1421091006                              000000000000000760039928996000000000000270663101101006              0000000000000000000000000000000000000000000000007600000000000000000000000000001101006                         0000000000000000000000000                                             000018
102021974950001161584870000003760                             82030727132      000                        1421091006                              101006000000000760006500016000000000000270663101101006              0000000000000000000000000000000000000000000000007600000000000000000000000000001101006                         0000000000000000000000000                                             000019
102021974950001161584870000003760                             82030730133      000                        1421091006                              101006000000000760010409148000000000000125647101101006              0000000000000000000000000000000000000000000000007600000000000000000000000000001101006                         0000000000000000000000000                                             000020
102021974950001161584870000003760                             82030901140      000                        1421091006                              101006000000000760023732156000000000000270663101101006              0000000000000000000000000000000000000000000000007600000000000000000000000000001101006                         0000000000000000000000000                                             000021
102021974950001161584870000003760                             82030903143      000                        1421091006                              101006000000000760010407757000000000000125647101101006              0000000000000000000000000000000000000000000000007600000000000000000000000000001101006                         0000000000000000000000000                                             000022
102021974950001161584870000003760                             82030908145      000                        1421091006                              101006000000000760010407757000000000000125647101101006              0000000000000000000000000000000000000000000000007600000000000000000000000000001101006                         0000000000000000000000000                                             000023
102021974950001161584870000003760                             82030912142      000                        1421091006                              101006000000000760074500016000000000000270663101101006              0000000000000000000000000000000000000000000000007600000000000000000000000000001101006                         0000000000000000000000000                                             000024
102021974950001161584870000003760                             82030920145      000                        1421091006                              101006000000000760010407757000000000000125647101101006              0000000000000000000000000000000000000000000000007600000000000000000000000000001101006                         0000000000000000000000000                                             000025
102021974950001161584870000003760                             82030925147      000                        1421091006                              101006000000000760074500016000000000000270663101101006              0000000000000000000000000000000000000000000000007600000000000000000000000000001101006                         0000000000000000000000000                                             000026
102021974950001161584870000003760                             82030932143      000                        1421091006                              101006000000000760010407757000000000000125647101101006              0000000000000000000000000000000000000000000000007600000000000000000000000000001101006                         0000000000000000000000000                                             000027
102021974950001161584870000003760                             82060402142      000                        1421091006                              101006000000000760010410308000000000000125647101101006              0000000000000000000000000000000000000000000000007600000000000000000000000000001101006                         0000000000000000000000000                                             000028
102021974950001161584870000003760                             82060409147      000                        1421091006                              101006000000000760006500016000000000000270663101101006              0000000000000000000000000000000000000000000000007600000000000000000000000000001101006                         0000000000000000000000000                                             000029
102021974950001161584870000003760                             82060608166      000                        1421091006                              150906000000000750010412424000000000000125647101101006              0000000000000000000000000000000000000000000000007842000000000034200000000000001101006                         0000000000000000000000000                                             000030
102021974950001161584870000003760                             82060610160      000                        1421091006                              150906000000000750010412424000000000000125647101101006              0000000000000000000000000000000000000000000000007500000000000000000000000000001101006                         0000000000000000000000000                                             000031
102021974950001161584870000003760                             82060701158      000                        1421091006                              250906000000000860010400469000000000000125647101101006              0000000000000000000000000000000000000000000000008892000000000029200000000000001101006                         0000000000000000000000000                                             000032
102021974950001161584870000003760                             82060709175      000                        1421091006                              000000000000000860039928996000000000000270663101101006              0000000000000000000000000000000000000000000000008600000000000000000000000000001101006                         0000000000000000000000000                                             000033
102021974950001161584870000003760                             82060717178      000                        1421091006                              151006000000000860010400469000000000000125647101101006              0000000000000000000000000000000000000000000000008600000000000000000000000000001101006                         0000000000000000000000000                                             000034
102021974950001161584870000003760                             82060902145      000                        1421091006                              101006000000000760006500016000000000000270663101101006              0000000000000000000000000000000000000000000000007600000000000000000000000000001101006                         0000000000000000000000000                                             000035
102021974950001161584870000003760                             82060906140      000                        1421091006                              000000000000000760035606896000000000000270663101101006              0000000000000000000000000000000000000000000000007600000000000000000000000000001101006                         0000000000000000000000000                                             000036
102021974950001161584870000003760                             82060908143      000                        1421091006                              101006000000000760006500016000000000000270663101101006              0000000000000000000000000000000000000000000000007600000000000000000000000000001101006                         0000000000000000000000000                                             000037
102021974950001161584870000003760                             82060917142      000                        1421091006                              101006000000000760010400477000000000000125647101101006              0000000000000000000000000000000000000000000000007600000000000000000000000000001101006                         0000000000000000000000000                                             000038
102021974950001161584870000003760                             82070615114      000                        1421091006                              300906000000000760010405592000000000000125647101101006              0000000000000000000000000000000000000000000000007820000000000022000000000000001101006                         0000000000000000000000000                                             000039
102021974950001161584870000003760                             82070615122      000                        1421091006                              300906000000000760010405592000000000000125647101101006              0000000000000000000000000000000000000000000000007820000000000022000000000000001101006                         0000000000000000000000000                                             000040
102021974950001161584870000003760                             82070615130      000                        1421091006                              300906000000000760010405592000000000000125647101101006              0000000000000000000000000000000000000000000000007820000000000022000000000000001101006                         0000000000000000000000000                                             000041
102021974950001161584870000003760                             82071209144      000                        1421091006                              101006000000000760010400450000000000000125647101101006              0000000000000000000000000000000000000000000000007600000000000000000000000000001101006                         0000000000000000000000000                                             000042
102021974950001161584870000003760                             82071229145      000                        1421091006                              101006000000000760007347476000000000000270663101101006              0000000000000000000000000000000000000000000000007600000000000000000000000000001101006                         0000000000000000000000000                                             000043
102021974950001161584870000003760                             82110626162      000                        1421091006                              200906000000000750010407765000000000000125647101101006              0000000000000000000000000000000000000000000000007758000000000025800000000000001101006                         0000000000000000000000000                                             000044
102021974950001161584870000003760                             82110714150      000                        1421091006                              200806000000000750010407765000000000000125647101101006              0000000000000000000000000000000000000000000000007944000000000044400000000000001101006                         0000000000000000000000000                                             000045
102021974950001161584870000003760                             82110833176      000                        1421091006                              201006000000000750010407765000000000000125647101101006              0000000000000000000000000000000000000000000000007500000000000000000000000000001101006                         0000000000000000000000000                                             000046
102021974950001161584870000003760                             82110838160      000                        1421091006                              200906000000000750010407765000000000000125647101101006              0000000000000000000000000000000000000000000000007764000000000026400000000000001101006                         0000000000000000000000000                                             000047
102021974950001161584870000003760                             82130403118      000                        1421091006                              101006000000000760010409148000000000000125620101101006              0000000000000000000000000000000000000000000000007600000000000000000000000000001101006                         0000000000000000000000000                                             000048
102021974950001161584870000003760                             82130413113      000                        1421091006                              101006000000000760035611246000000000000270663101101006              0000000000000000000000000000000000000000000000007600000000000000000000000000001101006                         0000000000000000000000000                                             000049
102021974950001161584870000003760                             82130421116      000                        1421091006                              101006000000000760010409148000000000000125647101101006              0000000000000000000000000000000000000000000000007600000000000000000000000000001101006                         0000000000000000000000000                                             000050
102021974950001161584870000003760                             82130427114      000                        1421091006                              101006000000000760006500016000000000000270663101101006              0000000000000000000000000000000000000000000000007600000000000000000000000000001101006                         0000000000000000000000000                                             000051
9201104                                                                                                                                                                                                                                                                                                                                                                                                   000052
