02RETORNO01COBRANCA       1584870000003760    IPAD                          104C ECON FEDERAL 080306                                                                                                                                                                                                                                                                                                 00157000001
102021974950001161584870000003760                             82000032730      000                        1421080306                              050306000000000860010430171000000000000125647101090306              0000000000000000000000000000000000000000000000008600000000000000000000000000001090306                         0000000000000000000000000                                             000002
102021974950001161584870000003760                             82000033396      000                        1421080306                              050306000000000750010412424000000000000125647101090306              0000000000000000000000000000000000000000000000007671000000000017100000000000001090306                         0000000000000000000000000                                             000003
102021974950001161584870000003760                             82000035291      000                        1421080306                              100306000000000750010407765000000000000125647101090306              0000000000000000000000000000000000000000000000007500000000000000000000000000001090306                         0000000000000000000000000                                             000004
102021974950001161584870000003760                             82000035798      000                        1421080306                              150306000000000860000100686000000000000270663101090306              0000000000000000000000000000000000000000000000008600000000000000000000000000001090306                         0000000000000000000000000                                             000005
102021974950001161584870000003760                             82000035810      000                        1421080306                              150306000000000860010409156000000000000125647101090306              0000000000000000000000000000000000000000000000008600000000000000000000000000001090306                         0000000000000000000000000                                             000006
102021974950001161584870000003760                             82000035844      000                        1421080306                              150306000000000860010409156000000000000125647101090306              0000000000000000000000000000000000000000000000008600000000000000000000000000001090306                         0000000000000000000000000                                             000007
102021974950001161584870000003760                             82000035879      000                        1421080306                              150306000000000860010409156000000000000125647101090306              0000000000000000000000000000000000000000000000008600000000000000000000000000001090306                         0000000000000000000000000                                             000008
102021974950001161584870000003760                             82000035941      000                        1421080306                              150306000000000860006500016000000000000270663101090306              0000000000000000000000000000000000000000000000008600000000000000000000000000001090306                         0000000000000000000000000                                             000009
102021974950001161584870000003760                             82000035984      000                        1421080306                              150306000000000860010409156000000000000125647101090306              0000000000000000000000000000000000000000000000008600000000000000000000000000001090306                         0000000000000000000000000                                             000010
102021974950001161584870000003760                             82010105152      000                        1421080306                              000000000000000750039928996000000000000270663101090306              0000000000000000000000000000000000000000000000007500000000000000000000000000001090306                         0000000000000000000000000                                             000011
102021974950001161584870000003760                             82010108151      000                        1421080306                              100306000000000750010414338000000000000125647101090306              0000000000000000000000000000000000000000000000007500000000000000000000000000001090306                         0000000000000000000000000                                             000012
102021974950001161584870000003760                             82010114151      000                        1421080306                              100306000000000750010414338000000000000125647101090306              0000000000000000000000000000000000000000000000007500000000000000000000000000001090306                         0000000000000000000000000                                             000013
102021974950001161584870000003760                             82010121158      000                        1421080306                              100306000000000750010414338000000000000125647101090306              0000000000000000000000000000000000000000000000007500000000000000000000000000001090306                         0000000000000000000000000                                             000014
102021974950001161584870000003760                             82010210150      000                        1421080306                              100306000000000420007347476000000000000270663101090306              0000000000000000000000000000000000000000000000004200000000000000000000000000001090306                         0000000000000000000000000                                             000015
102021974950001161584870000003760                             82010218151      000                        1421080306                              100306000000000420000117546000000000000270663101090306              0000000000000000000000000000000000000000000000004200000000000000000000000000001090306                         0000000000000000000000000                                             000016
102021974950001161584870000003760                             82030102159      000                        1421080306                              100306000000000750010424465000000000000125647101090306              0000000000000000000000000000000000000000000000007500000000000000000000000000001090306                         0000000000000000000000000                                             000017
102021974950001161584870000003760                             82030116150      000                        1421080306                              100306000000000750010424465000000000000125647101090306              0000000000000000000000000000000000000000000000007500000000000000000000000000001090306                         0000000000000000000000000                                             000018
102021974950001161584870000003760                             82030123156      000                        1421080306                              100306000000000750010424465000000000000125647101090306              0000000000000000000000000000000000000000000000007500000000000000000000000000001090306                         0000000000000000000000000                                             000019
102021974950001161584870000003760                             82040116160      000                        1421080306                              100306000000000860006500016000000000000270663101090306              0000000000000000000000000000000000000000000000008600000000000000000000000000001090306                         0000000000000000000000000                                             000020
102021974950001161584870000003760                             82040125160      000                        1421080306                              100306000000000860006500016000000000000270663101090306              0000000000000000000000000000000000000000000000008600000000000000000000000000001090306                         0000000000000000000000000                                             000021
102021974950001161584870000003760                             82040211163      000                        1421080306                              100306000000000430010400523000000000000125647101090306              0000000000000000000000000000000000000000000000004300000000000000000000000000001090306                         0000000000000000000000000                                             000022
102021974950001161584870000003760                             82040225164      000                        1421080306                              100306000000000430006500016000000000000270663101090306              0000000000000000000000000000000000000000000000004300000000000000000000000000001090306                         0000000000000000000000000                                             000023
102021974950001161584870000003760                             82040228163      000                        1421080306                              100306000000000430010400523000000000000125647101090306              0000000000000000000000000000000000000000000000004300000000000000000000000000001090306                         0000000000000000000000000                                             000024
102021974950001161584870000003760                             82040238169      000                        1421080306                              100306000000000860010400523000000000000125647101090306              0000000000000000000000000000000000000000000000008600000000000000000000000000001090306                         0000000000000000000000000                                             000025
102021974950001161584870000003760                             82040311168      000                        1421080306                              100306000000000360006500016000000000000270663101090306              0000000000000000000000000000000000000000000000003600000000000000000000000000001090306                         0000000000000000000000000                                             000026
102021974950001161584870000003760                             82040326165      000                        1421080306                              100306000000000360006500016000000000000270663101090306              0000000000000000000000000000000000000000000000003600000000000000000000000000001090306                         0000000000000000000000000                                             000027
102021974950001161584870000003760                             82040427166      000                        1421080306                              100306000000000860010400523000000000000125647101090306              0000000000000000000000000000000000000000000000008600000000000000000000000000001090306                         0000000000000000000000000                                             000028
102021974950001161584870000003760                             82040517165      000                        1421080306                              100306000000000860006500016000000000000270663101090306              0000000000000000000000000000000000000000000000008600000000000000000000000000001090306                         0000000000000000000000000                                             000029
102021974950001161584870000003760                             82040522142      000                        1421080306                              100106000000000860010400523000000000000125647101090306              0000000000000000000000000000000000000000000000008829000000000022900000000000001090306                         0000000000000000000000000                                             000030
102021974950001161584870000003760                             82040523157      000                        1421080306                              100206000000000860010400523000000000000125647101090306              0000000000000000000000000000000000000000000000008995000000000039500000000000001090306                         0000000000000000000000000                                             000031
102021974950001161584870000003760                             82040526164      000                        1421080306                              100306000000000860010400523000000000000125620101090306              0000000000000000000000000000000000000000000000008600000000000000000000000000001090306                         0000000000000000000000000                                             000032
102021974950001161584870000003760                             82040529163      000                        1421080306                              100306000000000860006500016000000000000270663101090306              0000000000000000000000000000000000000000000000008600000000000000000000000000001090306                         0000000000000000000000000                                             000033
102021974950001161584870000003760                             82040618166      000                        1421080306                              100306000000000860075641796000000000000270663101090306              0000000000000000000000000000000000000000000000008600000000000000000000000000001090306                         0000000000000000000000000                                             000034
102021974950001161584870000003760                             82040623160      000                        1421080306                              000000000000000860039928996000000000000270663101090306              0000000000000000000000000000000000000000000000008600000000000000000000000000001090306                         0000000000000000000000000                                             000035
102021974950001161584870000003760                             82050102162      000                        1421080306                              100306000000000400010400531000000000000125647101090306              0000000000000000000000000000000000000000000000004000000000000000000000000000001090306                         0000000000000000000000000                                             000036
102021974950001161584870000003760                             82050104165      000                        1421080306                              100306000000000400006500016000000000000270663101090306              0000000000000000000000000000000000000000000000004000000000000000000000000000001090306                         0000000000000000000000000                                             000037
102021974950001161584870000003760                             82050111161      000                        1421080306                              100306000000000400006500016000000000000270663101090306              0000000000000000000000000000000000000000000000004000000000000000000000000000001090306                         0000000000000000000000000                                             000038
102021974950001161584870000003760                             82050112168      000                        1421080306                              100306000000000400006500016000000000000270663101090306              0000000000000000000000000000000000000000000000004000000000000000000000000000001090306                         0000000000000000000000000                                             000039
102021974950001161584870000003760                             82050117160      000                        1421080306                              100306000000000400006500016000000000000270663101090306              0000000000000000000000000000000000000000000000004000000000000000000000000000001090306                         0000000000000000000000000                                             000040
102021974950001161584870000003760                             82050118140      000                        1421080306                              100106000000000400010400531000000000000125647101090306              0000000000000000000000000000000000000000000000004308000000000030800000000000001090306                         0000000000000000000000000                                             000041
102021974950001161584870000003760                             82050123160      000                        1421080306                              100306000000000400006500016000000000000270663101090306              0000000000000000000000000000000000000000000000004000000000000000000000000000001090306                         0000000000000000000000000                                             000042
102021974950001161584870000003760                             82050124166      000                        1421080306                              100306000000000400010400531000000000000125647101090306              0000000000000000000000000000000000000000000000004000000000000000000000000000001090306                         0000000000000000000000000                                             000043
102021974950001161584870000003760                             82050126169      000                        1421080306                              100306000000000400006500016000000000000270663101090306              0000000000000000000000000000000000000000000000004000000000000000000000000000001090306                         0000000000000000000000000                                             000044
102021974950001161584870000003760                             82050130166      000                        1421080306                              100306000000000400006500016000000000000270663101090306              0000000000000000000000000000000000000000000000004000000000000000000000000000001090306                         0000000000000000000000000                                             000045
102021974950001161584870000003760                             82050133165      000                        1421080306                              100306000000000400010400531000000000000125647101090306              0000000000000000000000000000000000000000000000004000000000000000000000000000001090306                         0000000000000000000000000                                             000046
102021974950001161584870000003760                             82050135168      000                        1421080306                              100306000000000400010400531000000000000125647101090306              0000000000000000000000000000000000000000000000004000000000000000000000000000001090306                         0000000000000000000000000                                             000047
102021974950001161584870000003760                             82050136164      000                        1421080306                              100306000000000400006500016000000000000270663101090306              0000000000000000000000000000000000000000000000004000000000000000000000000000001090306                         0000000000000000000000000                                             000048
102021974950001161584870000003760                             82050201160      000                        1421080306                              100306000000000400006500016000000000000270663101090306              0000000000000000000000000000000000000000000000004000000000000000000000000000001090306                         0000000000000000000000000                                             000049
102021974950001161584870000003760                             82050212162      000                        1421080306                              100306000000000400006500016000000000000270663101090306              0000000000000000000000000000000000000000000000004000000000000000000000000000001090306                         0000000000000000000000000                                             000050
102021974950001161584870000003760                             82050218160      000                        1421080306                              100306000000000400006500016000000000000270663101090306              0000000000000000000000000000000000000000000000004000000000000000000000000000001090306                         0000000000000000000000000                                             000051
102021974950001161584870000003760                             82050222168      000                        1421080306                              100306000000000400006500016000000000000270663101090306              0000000000000000000000000000000000000000000000004000000000000000000000000000001090306                         0000000000000000000000000                                             000052
102021974950001161584870000003760                             82050224160      000                        1421080306                              100306000000000400010400531000000000000125647101090306              0000000000000000000000000000000000000000000000004000000000000000000000000000001090306                         0000000000000000000000000                                             000053
102021974950001161584870000003760                             82050226163      000                        1421080306                              100306000000000400010400531000000000000125647101090306              0000000000000000000000000000000000000000000000004000000000000000000000000000001090306                         0000000000000000000000000                                             000054
102021974950001161584870000003760                             82050231167      000                        1421080306                              100306000000000400007347476000000000000270663101090306              0000000000000000000000000000000000000000000000004000000000000000000000000000001090306                         0000000000000000000000000                                             000055
102021974950001161584870000003760                             82050236169      000                        1421080306                              100306000000000400006500016000000000000270663101090306              0000000000000000000000000000000000000000000000004000000000000000000000000000001090306                         0000000000000000000000000                                             000056
102021974950001161584870000003760                             82050312159      000                        1421080306                              100206000000000860010427782000000000000125647101090306              0000000000000000000000000000000000000000000000008996000000000039600000000000001090306                         0000000000000000000000000                                             000057
102021974950001161584870000003760                             82050333164      000                        1421080306                              100306000000000860010427782000000000000125647101090306              0000000000000000000000000000000000000000000000008600000000000000000000000000001090306                         0000000000000000000000000                                             000058
102021974950001161584870000003760                             82060137171      000                        1421080306                              150306000000000860023719046000000000000270663101090306              0000000000000000000000000000000000000000000000008600000000000000000000000000001090306                         0000000000000000000000000                                             000059
102021974950001161584870000003760                             82060215156      000                        1421080306                              100306000000000860006500016000000000000270663101090306              0000000000000000000000000000000000000000000000008600000000000000000000000000001090306                         0000000000000000000000000                                             000060
102021974950001161584870000003760                             82060221156      000                        1421080306                              100306000000000860010421911000000000000125647101090306              0000000000000000000000000000000000000000000000008600000000000000000000000000001090306                         0000000000000000000000000                                             000061
102021974950001161584870000003760                             82060320146      000                        1421080306                              150206000000000860010408761000000000000125647101090306              0000000000000000000000000000000000000000000000008952000000000035200000000000001090306                         0000000000000000000000000                                             000062
102021974950001161584870000003760                             82070107160      000                        1421080306                              100306000000000860010400469000000000000125647101090306              0000000000000000000000000000000000000000000000008600000000000000000000000000001090306                         0000000000000000000000000                                             000063
102021974950001161584870000003760                             82070110160      000                        1421080306                              100306000000000860023732066000000000000270663101090306              0000000000000000000000000000000000000000000000008600000000000000000000000000001090306                         0000000000000000000000000                                             000064
102021974950001161584870000003760                             82070116150      000                        1421080306                              100206000000000860010406785000000000000240655100080306              0000000000000000000000000000000000000000000000008798000000000019800000000000001080306                         0000000000000000000000000                                             000065
102021974950001161584870000003760                             82070215167      000                        1421080306                              000000000000000860039928996000000000000270663101090306              0000000000000000000000000000000000000000000000008600000000000000000000000000001090306                         0000000000000000000000000                                             000066
102021974950001161584870000003760                             82070217160      000                        1421080306                              100306000000000860010410286000000000000125647101090306              0000000000000000000000000000000000000000000000008600000000000000000000000000001090306                         0000000000000000000000000                                             000067
102021974950001161584870000003760                             82070219162      000                        1421080306                              100306000000000860010409172000000000000125647101090306              0000000000000000000000000000000000000000000000008600000000000000000000000000001090306                         0000000000000000000000000                                             000068
102021974950001161584870000003760                             82070231162      000                        1421080306                              100306000000000860010415830000000000000125647101090306              0000000000000000000000000000000000000000000000008600000000000000000000000000001090306                         0000000000000000000000000                                             000069
102021974950001161584870000003760                             82070302167      000                        1421080306                              000000000000000860040975226000000000000270663101090306              0000000000000000000000000000000000000000000000008600000000000000000000000000001090306                         0000000000000000000000000                                             000070
102021974950001161584870000003760                             82090101167      000                        1421080306                              100306000000000750010400540000000000000125647101090306              0000000000000000000000000000000000000000000000007500000000000000000000000000001090306                         0000000000000000000000000                                             000071
102021974950001161584870000003760                             82090122148      000                        1421080306                              100106000000000750010400540000000000000240655100080306              0000000000000000000000000000000000000000000000008049000000000054900000000000001080306                         0000000000000000000000000                                             000072
102021974950001161584870000003760                             82090124167      000                        1421080306                              100306000000000750010400540000000000000125647101090306              0000000000000000000000000000000000000000000000007500000000000000000000000000001090306                         0000000000000000000000000                                             000073
102021974950001161584870000003760                             82090227160      000                        1421080306                              100306000000000750010400540000000000000125647101090306              0000000000000000000000000000000000000000000000007500000000000000000000000000001090306                         0000000000000000000000000                                             000074
102021974950001161584870000003760                             82090325162      000                        1421080306                              100306000000000750006500016000000000000270663101090306              0000000000000000000000000000000000000000000000007500000000000000000000000000001090306                         0000000000000000000000000                                             000075
102021974950001161584870000003760                             82090420165      000                        1421080306                              100306000000000750010400540000000000000125647101090306              0000000000000000000000000000000000000000000000007500000000000000000000000000001090306                         0000000000000000000000000                                             000076
102021974950001161584870000003760                             82090423164      000                        1421080306                              100306000000000750075641796000000000000270663101090306              0000000000000000000000000000000000000000000000007500000000000000000000000000001090306                         0000000000000000000000000                                             000077
102021974950001161584870000003760                             82090427160      000                        1421080306                              100306000000000750010412424000000000000125647101090306              0000000000000000000000000000000000000000000000007500000000000000000000000000001090306                         0000000000000000000000000                                             000078
102021974950001161584870000003760                             82090428166      000                        1421080306                              100306000000000750010400540000000000000125647101090306              0000000000000000000000000000000000000000000000007500000000000000000000000000001090306                         0000000000000000000000000                                             000079
102021974950001161584870000003760                             82090515166      000                        1421080306                              100306000000000750006500016000000000000270663101090306              0000000000000000000000000000000000000000000000007500000000000000000000000000001090306                         0000000000000000000000000                                             000080
102021974950001161584870000003760                             82090523150      000                        1421080306                              100206000000000375010408770000000000000125647101090306              0000000000000000000000000000000000000000000000003928000000000017800000000000001090306                         0000000000000000000000000                                             000081
102021974950001161584870000003760                             82090526150      000                        1421080306                              100206000000000750010408770000000000000125647101090306              0000000000000000000000000000000000000000000000007848000000000034800000000000001090306                         0000000000000000000000000                                             000082
102021974950001161584870000003760                             82090615160      000                        1421080306                              100306000000000375010408770000000000000125647101090306              0000000000000000000000000000000000000000000000003750000000000000000000000000001090306                         0000000000000000000000000                                             000083
102021974950001161584870000003760                             82090703167      000                        1421080306                              100306000000000750010408770000000000000125647101090306              0000000000000000000000000000000000000000000000007500000000000000000000000000001090306                         0000000000000000000000000                                             000084
102021974950001161584870000003760                             82090707162      000                        1421080306                              100306000000000750006500016000000000000270663101090306              0000000000000000000000000000000000000000000000007500000000000000000000000000001090306                         0000000000000000000000000                                             000085
102021974950001161584870000003760                             82090728160      000                        1421080306                              100306000000000750010408770000000000000125647101090306              0000000000000000000000000000000000000000000000007500000000000000000000000000001090306                         0000000000000000000000000                                             000086
102021974950001161584870000003760                             82090812144      000                        1421080306                              100306000000000450010408770000000000000125647101090306              0000000000000000000000000000000000000000000000004500000000000000000000000000001090306                         0000000000000000000000000                                             000087
102021974950001161584870000003760                             82090831149      000                        1421080306                              100306000000000450010408770000000000000125647101090306              0000000000000000000000000000000000000000000000004500000000000000000000000000001090306                         0000000000000000000000000                                             000088
102021974950001161584870000003760                             82090905169      000                        1421080306                              100306000000000375010412424000000000000125647101090306              0000000000000000000000000000000000000000000000003750000000000000000000000000001090306                         0000000000000000000000000                                             000089
102021974950001161584870000003760                             82090906157      000                        1421080306                              100206000000000375010408770000000000000125647101090306              0000000000000000000000000000000000000000000000003903000000000015300000000000001090306                         0000000000000000000000000                                             000090
102021974950001161584870000003760                             82090912130      000                        1421080306                              101205000000000750010408770000000000000125647101090306              0000000000000000000000000000000000000000000000008266000000000076600000000000001090306                         0000000000000000000000000                                             000091
102021974950001161584870000003760                             82090912149      000                        1421080306                              100106000000000750010408770000000000000125647101090306              0000000000000000000000000000000000000000000000008049000000000054900000000000001090306                         0000000000000000000000000                                             000092
102021974950001161584870000003760                             82090912157      000                        1421080306                              100206000000000750010408770000000000000125647101090306              0000000000000000000000000000000000000000000000007832000000000033200000000000001090306                         0000000000000000000000000                                             000093
102021974950001161584870000003760                             82090912165      000                        1421080306                              100306000000000750010408770000000000000125647101090306              0000000000000000000000000000000000000000000000007500000000000000000000000000001090306                         0000000000000000000000000                                             000094
102021974950001161584870000003760                             82090913161      000                        1421080306                              100306000000000750010408770000000000000125647101090306              0000000000000000000000000000000000000000000000007500000000000000000000000000001090306                         0000000000000000000000000                                             000095
102021974950001161584870000003760                             82090916160      000                        1421080306                              100306000000000750010408770000000000000125647101090306              0000000000000000000000000000000000000000000000007500000000000000000000000000001090306                         0000000000000000000000000                                             000096
102021974950001161584870000003760                             82090922160      000                        1421080306                              100306000000000375010408770000000000000125647101090306              0000000000000000000000000000000000000000000000003750000000000000000000000000001090306                         0000000000000000000000000                                             000097
102021974950001161584870000003760                             82090934169      000                        1421080306                              100306000000000750010408770000000000000125647101090306              0000000000000000000000000000000000000000000000007500000000000000000000000000001090306                         0000000000000000000000000                                             000098
102021974950001161584870000003760                             82091017127      000                        1421080306                              101105000000000375010408770000000000000125647101090306              0000000000000000000000000000000000000000000000004179000000000042900000000000001090306                         0000000000000000000000000                                             000099
102021974950001161584870000003760                             82091017135      000                        1421080306                              101205000000000375010408770000000000000125647101090306              0000000000000000000000000000000000000000000000004089000000000033900000000000001090306                         0000000000000000000000000                                             000100
102021974950001161584870000003760                             82091017143      000                        1421080306                              100106000000000375010408770000000000000125647101090306              0000000000000000000000000000000000000000000000003996000000000024600000000000001090306                         0000000000000000000000000                                             000101
102021974950001161584870000003760                             82091017151      000                        1421080306                              100206000000000375010408770000000000000125647101090306              0000000000000000000000000000000000000000000000003903000000000015300000000000001090306                         0000000000000000000000000                                             000102
102021974950001161584870000003760                             82091115161      000                        1421080306                              100306000000000750010408770000000000000125647101090306              0000000000000000000000000000000000000000000000007500000000000000000000000000001090306                         0000000000000000000000000                                             000103
102021974950001161584870000003760                             82091121161      000                        1421080306                              100306000000000750010408770000000000000125647101090306              0000000000000000000000000000000000000000000000007500000000000000000000000000001090306                         0000000000000000000000000                                             000104
102021974950001161584870000003760                             82110105154      000                        1421080306                              100306000000000750023732106000000000000270663101090306              0000000000000000000000000000000000000000000000007500000000000000000000000000001090306                         0000000000000000000000000                                             000105
102021974950001161584870000003760                             82110210152      000                        1421080306                              100306000000000450010407765000000000000125620101090306              0000000000000000000000000000000000000000000000004500000000000000000000000000001090306                         0000000000000000000000000                                             000106
102021974950001161584870000003760                             82110210160      000                        1421080306                              100406000000000450010407765000000000000125620101090306              0000000000000000000000000000000000000000000000004500000000000000000000000000001090306                         0000000000000000000000000                                             000107
102021974950001161584870000003760                             82110210179      000                        1421080306                              100506000000000450010407765000000000000125620101090306              0000000000000000000000000000000000000000000000004500000000000000000000000000001090306                         0000000000000000000000000                                             000108
102021974950001161584870000003760                             82110220158      000                        1421080306                              100306000000000450010407765000000000000125620101090306              0000000000000000000000000000000000000000000000004500000000000000000000000000001090306                         0000000000000000000000000                                             000109
102021974950001161584870000003760                             82110308152      000                        1421080306                              100306000000000860010407765000000000000125647101090306              0000000000000000000000000000000000000000000000008600000000000000000000000000001090306                         0000000000000000000000000                                             000110
102021974950001161584870000003760                             82110316155      000                        1421080306                              100306000000000860006500016000000000000270663101090306              0000000000000000000000000000000000000000000000008600000000000000000000000000001090306                         0000000000000000000000000                                             000111
102021974950001161584870000003760                             82110411140      000                        1421080306                              200206000000000750010408125000000000000125647101090306              0000000000000000000000000000000000000000000000007902000000000040200000000000001090306                         0000000000000000000000000                                             000112
102021974950001161584870000003760                             82120103162      000                        1421080306                              100306000000000650075641796000000000000270663101090306              0000000000000000000000000000000000000000000000006500000000000000000000000000001090306                         0000000000000000000000000                                             000113
102021974950001161584870000003760                             82130105176      000                        1421080306                              100306000000000860006500016000000000000270663101090306              0000000000000000000000000000000000000000000000008600000000000000000000000000001090306                         0000000000000000000000000                                             000114
102021974950001161584870000003760                             82130125177      000                        1421080306                              100306000000000860023705866000000000000270663101090306              0000000000000000000000000000000000000000000000008600000000000000000000000000001090306                         0000000000000000000000000                                             000115
102021974950001161584870000003760                             82130202171      000                        1421080306                              100306000000000860010409148000000000000125647101090306              0000000000000000000000000000000000000000000000008600000000000000000000000000001090306                         0000000000000000000000000                                             000116
9201104                                                                                                                                                                                                                                                                                                                                                                                                   000117
