02RETORNO01COBRANCA       1584870000003760    IPAD                          104C ECON FEDERAL 070706                                                                                                                                                                                                                                                                                                 00240000001
102021974950001161584870000003760                             82000045866      000                        1421070706                              000000000000000760075641796000000000000270663101100706              0000000000000000000000000000000000000000000000007600000000000000000000000000001100706                         0000000000000000000000000                                             000002
102021974950001161584870000003760                             82010304120      000                        1421070706                              100706000000000660000110606000000000000270663101100706              0000000000000000000000000000000000000000000000006600000000000000000000000000001100706                         0000000000000000000000000                                             000003
102021974950001161584870000003760                             82010306123      000                        1421070706                              160706000000000660010409148000000000000125647101100706              0000000000000000000000000000000000000000000000006600000000000000000000000000001100706                         0000000000000000000000000                                             000004
102021974950001161584870000003760                             82030205128      000                        1421070706                              100706000000000760010409156000000000000125647101100706              0000000000000000000000000000000000000000000000007600000000000000000000000000001100706                         0000000000000000000000000                                             000005
102021974950001161584870000003760                             82030209123      000                        1421070706                              100706000000000760006500016000000000000270663101100706              0000000000000000000000000000000000000000000000007600000000000000000000000000001100706                         0000000000000000000000000                                             000006
102021974950001161584870000003760                             82030212124      000                        1421070706                              100706000000000760010409156000000000000125647101100706              0000000000000000000000000000000000000000000000007600000000000000000000000000001100706                         0000000000000000000000000                                             000007
102021974950001161584870000003760                             82030215123      000                        1421070706                              000000000000000760039928996000000000000270663101100706              0000000000000000000000000000000000000000000000007600000000000000000000000000001100706                         0000000000000000000000000                                             000008
102021974950001161584870000003760                             82030220127      000                        1421070706                              100706000000000760010409156000000000000125647101100706              0000000000000000000000000000000000000000000000007600000000000000000000000000001100706                         0000000000000000000000000                                             000009
102021974950001161584870000003760                             82030310142      000                        1421070706                              300606000000000860010409156000000000000125647101100706              0000000000000000000000000000000000000000000000008832000000000023200000000000001100706                         0000000000000000000000000                                             000010
102021974950001161584870000003760                             82030403124      000                        1421070706                              100506000000000760010407757000000000000125647101100706              0000000000000000000000000000000000000000000000007941000000000034100000000000001100706                         0000000000000000000000000                                             000011
102021974950001161584870000003760                             82030820116      000                        1421070706                              100706000000000760075641796000000000000270663101100706              0000000000000000000000000000000000000000000000007600000000000000000000000000001100706                         0000000000000000000000000                                             000012
102021974950001161584870000003760                             82030825118      000                        1421070706                              100706000000000760007347476000000000000270663101100706              0000000000000000000000000000000000000000000000007600000000000000000000000000001100706                         0000000000000000000000000                                             000013
102021974950001161584870000003760                             82030832114      000                        1421070706                              100706000000000760010409156000000000000125647101100706              0000000000000000000000000000000000000000000000007600000000000000000000000000001100706                         0000000000000000000000000                                             000014
102021974950001161584870000003760                             82030903119      000                        1421070706                              100706000000000760010407757000000000000125647101100706              0000000000000000000000000000000000000000000000007600000000000000000000000000001100706                         0000000000000000000000000                                             000015
102021974950001161584870000003760                             82030908110      000                        1421070706                              100706000000000760000122296000000000000270663101100706              0000000000000000000000000000000000000000000000007600000000000000000000000000001100706                         0000000000000000000000000                                             000016
102021974950001161584870000003760                             82030914110      000                        1421070706                              100706000000000760000122296000000000000270663101100706              0000000000000000000000000000000000000000000000007600000000000000000000000000001100706                         0000000000000000000000000                                             000017
102021974950001161584870000003760                             82030925112      000                        1421070706                              100706000000000760007347476000000000000270663101100706              0000000000000000000000000000000000000000000000007600000000000000000000000000001100706                         0000000000000000000000000                                             000018
102021974950001161584870000003760                             82030929118      000                        1421070706                              100706000000000760010407757000000000000125647101100706              0000000000000000000000000000000000000000000000007600000000000000000000000000001100706                         0000000000000000000000000                                             000019
102021974950001161584870000003760                             82030932119      000                        1421070706                              100706000000000760000122296000000000000270663101100706              0000000000000000000000000000000000000000000000007600000000000000000000000000001100706                         0000000000000000000000000                                             000020
102021974950001161584870000003760                             82060404110      000                        1421070706                              000000000000000760039928996000000000000270663101100706              0000000000000000000000000000000000000000000000007600000000000000000000000000001100706                         0000000000000000000000000                                             000021
102021974950001161584870000003760                             82060418111      000                        1421070706                              100706000000000760010430171000000000000240655100070706              0000000000000000000000000000000000000000000000007600000000000000000000000000001070706                         0000000000000000000000000                                             000022
102021974950001161584870000003760                             82060611140      000                        1421070706                              150706000000000750006500016000000000000270663101100706              0000000000000000000000000000000000000000000000007500000000000000000000000000001100706                         0000000000000000000000000                                             000023
102021974950001161584870000003760                             82060630129      000                        1421070706                              150606000000000750010400531000000000000125647101100706              0000000000000000000000000000000000000000000000007826000000000032600000000000001100706                         0000000000000000000000000                                             000024
102021974950001161584870000003760                             82060704149      000                        1421070706                              000000000000000860039928996000000000000270663101100706              0000000000000000000000000000000000000000000000008600000000000000000000000000001100706                         0000000000000000000000000                                             000025
102021974950001161584870000003760                             82060908119      000                        1421070706                              100706000000000760010400485000000000000125647101100706              0000000000000000000000000000000000000000000000007600000000000000000000000000001100706                         0000000000000000000000000                                             000026
102021974950001161584870000003760                             82060910113      000                        1421070706                              100706000000000760010406785000000000000125647101100706              0000000000000000000000000000000000000000000000007600000000000000000000000000001100706                         0000000000000000000000000                                             000027
102021974950001161584870000003760                             82071204118      000                        1421070706                              100706000000000760010400493000000000000240655100070706              0000000000000000000000000000000000000000000000007600000000000000000000000000001070706                         0000000000000000000000000                                             000028
102021974950001161584870000003760                             82090208166      000                        1421070706                              100606000000000750010412424000000000000125647101100706              0000000000000000000000000000000000000000000000007866000000000036600000000000001100706                         0000000000000000000000000                                             000029
102021974950001161584870000003760                             82090208174      000                        1421070706                              100606000000000750010412424000000000000125647101100706              0000000000000000000000000000000000000000000000007866000000000036600000000000001100706                         0000000000000000000000000                                             000030
102021974950001161584870000003760                             82090632170      000                        1421070706                              100706000000000375010408770000000000000125647101100706              0000000000000000000000000000000000000000000000003750000000000000000000000000001100706                         0000000000000000000000000                                             000031
102021974950001161584870000003760                             82110107165      000                        1421070706                              100406000000000750010407765000000000000125647101100706              0000000000000000000000000000000000000000000000008310000000000081000000000000001100706                         0000000000000000000000000                                             000032
102021974950001161584870000003760                             82110108161      000                        1421070706                              100406000000000750010407765000000000000125647101100706              0000000000000000000000000000000000000000000000008310000000000081000000000000001100706                         0000000000000000000000000                                             000033
102021974950001161584870000003760                             82110723125      000                        1421070706                              040706000000000750010407765000000000000125647101100706              0000000000000000000000000000000000000000000000007500000000000000000000000000001100706                         0000000000000000000000000                                             000034
102021974950001161584870000003760                             82110723133      000                        1421070706                              040706000000000750010407765000000000000125647101100706              0000000000000000000000000000000000000000000000007500000000000000000000000000001100706                         0000000000000000000000000                                             000035
9201104                                                                                                                                                                                                                                                                                                                                                                                                   000036
