02RETORNO01COBRANCA       1584870000003760    IPAD                          104C ECON FEDERAL 080107                                                                                                                                                                                                                                                                                                 00364000001
102021974950001161584870000003760                             82000050380      000                        1421080107                              000000000000000800006500016000000000000270663101090107              0000000000000000000000000000000000000000000000008000000000000000000000000000001090107                         0000000000000000000000000                                             000002
102021974950001161584870000003760                             82030501177      000                        1421080107                              150107000000000760010409156000000000000125620101090107              0000000000000000000000000000000000000000000000007600000000000000000000000000001090107                         0000000000000000000000000                                             000003
102021974950001161584870000003760                             82030549153      000                        1421080107                              151106000000000760010409148000000000000125647101090107              0000000000000000000000000000000000000000000000007653000000000005300000000000001090107                         0000000000000000000000000                                             000004
102021974950001161584870000003760                             82030901175      000                        1421080107                              100107000000000760023732156000000000000270663101090107              0000000000000000000000000000000000000000000000007600000000000000000000000000001090107                         0000000000000000000000000                                             000005
102021974950001161584870000003760                             82031034114      000                        1421080107                              301206000000000760010409148000000000000125647101090107              0000000000000000000000000000000000000000000000007820000000000022000000000000001090107                         0000000000000000000000000                                             000006
102021974950001161584870000003760                             82031109130      000                        1421080107                              100107000000000760010424465000000000000240655100080107              0000000000000000000000000000000000000000000000007600000000000000000000000000001080107                         0000000000000000000000000                                             000007
102021974950001161584870000003760                             82031114134      000                        1421080107                              100107000000000760000109176000000000000270663101090107              0000000000000000000000000000000000000000000000007600000000000000000000000000001090107                         0000000000000000000000000                                             000008
102021974950001161584870000003760                             82031119136      000                        1421080107                              100107000000000760010424465000000000000125647101090107              0000000000000000000000000000000000000000000000007600000000000000000000000000001090107                         0000000000000000000000000                                             000009
102021974950001161584870000003760                             82060402177      000                        1421080107                              100107000000000760034155976000000000000270663101090107              0000000000000000000000000000000000000000000000007600000000000000000000000000001090107                         0000000000000000000000000                                             000010
102021974950001161584870000003760                             82060416178      000                        1421080107                              100107000000000760010415830000000000000125647101090107              0000000000000000000000000000000000000000000000007600000000000000000000000000001090107                         0000000000000000000000000                                             000011
102021974950001161584870000003760                             82060510174      000                        1421080107                              100107000000000760006500016000000000000270663101090107              0000000000000000000000000000000000000000000000007600000000000000000000000000001090107                         0000000000000000000000000                                             000012
102021974950001161584870000003760                             82060905179      000                        1421080107                              100107000000000760010430171000000000000240655100080107              0000000000000000000000000000000000000000000000007600000000000000000000000000001080107                         0000000000000000000000000                                             000013
102021974950001161584870000003760                             82060911179      000                        1421080107                              000000000000000760039928996000000000000270663101090107              0000000000000000000000000000000000000000000000007600000000000000000000000000001090107                         0000000000000000000000000                                             000014
102021974950001161584870000003760                             82060918173      000                        1421080107                              000000000000000760039928996000000000000270663101090107              0000000000000000000000000000000000000000000000007600000000000000000000000000001090107                         0000000000000000000000000                                             000015
102021974950001161584870000003760                             82060921174      000                        1421080107                              100107000000000760007347476000000000000270663101090107              0000000000000000000000000000000000000000000000007600000000000000000000000000001090107                         0000000000000000000000000                                             000016
102021974950001161584870000003760                             82070312154      000                        1421080107                              080107000000000860010415830000000000000240655100080107              0000000000000000000000000000000000000000000000008600000000000000000000000000001080107                         0000000000000000000000000                                             000017
102021974950001161584870000003760                             82070312162      000                        1421080107                              080107000000000860010415830000000000000240655100080107              0000000000000000000000000000000000000000000000008600000000000000000000000000001080107                         0000000000000000000000000                                             000018
102021974950001161584870000003760                             82070312170      000                        1421080107                              080107000000000860010415830000000000000240655100080107              0000000000000000000000000000000000000000000000008600000000000000000000000000001080107                         0000000000000000000000000                                             000019
102021974950001161584870000003760                             82071223171      000                        1421080107                              100107000000000760010400450000000000000125647101090107              0000000000000000000000000000000000000000000000007600000000000000000000000000001090107                         0000000000000000000000000                                             000020
102021974950001161584870000003760                             82071224151      000                        1421080107                              101106000000000760010400485000000000000125647101090107              0000000000000000000000000000000000000000000000008165000000000056500000000000001090107                         0000000000000000000000000                                             000021
102021974950001161584870000003760                             82071229170      000                        1421080107                              100107000000000760010400450000000000000125647101090107              0000000000000000000000000000000000000000000000007600000000000000000000000000001090107                         0000000000000000000000000                                             000022
102021974950001161584870000003760                             82071232170      000                        1421080107                              000000000000000760039928996000000000000270663101090107              0000000000000000000000000000000000000000000000007600000000000000000000000000001090107                         0000000000000000000000000                                             000023
102021974950001161584870000003760                             82071418118      000                        1421080107                              101106000000000760010421245000000000000125647101090107              0000000000000000000000000000000000000000000000008201000000000060100000000000001090107                         0000000000000000000000000                                             000024
102021974950001161584870000003760                             82071425130      000                        1421080107                              000000000000000760039928996000000000000270663101090107              0000000000000000000000000000000000000000000000007600000000000000000000000000001090107                         0000000000000000000000000                                             000025
102021974950001161584870000003760                             82071426137      000                        1421080107                              000000000000000760039928996000000000000270663101090107              0000000000000000000000000000000000000000000000007600000000000000000000000000001090107                         0000000000000000000000000                                             000026
102021974950001161584870000003760                             82111010130      000                        1421080107                              110107000000000760010407765000000000000125647101090107              0000000000000000000000000000000000000000000000007600000000000000000000000000001090107                         0000000000000000000000000                                             000027
102021974950001161584870000003760                             82111014136      000                        1421080107                              110107000000000760010407765000000000000125647101090107              0000000000000000000000000000000000000000000000007600000000000000000000000000001090107                         0000000000000000000000000                                             000028
102021974950001161584870000003760                             82111018131      000                        1421080107                              110107000000000760010407765000000000000125647101090107              0000000000000000000000000000000000000000000000007600000000000000000000000000001090107                         0000000000000000000000000                                             000029
102021974950001161584870000003760                             82111024131      000                        1421080107                              000000000000000760039928996000000000000270663101090107              0000000000000000000000000000000000000000000000007600000000000000000000000000001090107                         0000000000000000000000000                                             000030
102021974950001161584870000003760                             82130421140      000                        1421080107                              100107000000000760010409148000000000000125647101090107              0000000000000000000000000000000000000000000000007600000000000000000000000000001090107                         0000000000000000000000000                                             000031
102021974950001161584870000003760                             82130424140      000                        1421080107                              100107000000000760006500016000000000000270663101090107              0000000000000000000000000000000000000000000000007600000000000000000000000000001090107                         0000000000000000000000000                                             000032
102021974950001161584870000003760                             82130434137      000                        1421080107                              100107000000000760010409148000000000000125647101090107              0000000000000000000000000000000000000000000000007600000000000000000000000000001090107                         0000000000000000000000000                                             000033
102021974950001161584870000003760                             82130436130      000                        1421080107                              100107000000000760010407765000000000000125647101090107              0000000000000000000000000000000000000000000000007600000000000000000000000000001090107                         0000000000000000000000000                                             000034
102021974950001161584870000003760                             82130437136      000                        1421080107                              100107000000000760010409148000000000000125647101090107              0000000000000000000000000000000000000000000000007600000000000000000000000000001090107                         0000000000000000000000000                                             000035
102021974950001161584870000003760                             82130438132      000                        1421080107                              100107000000000760010407765000000000000125647101090107              0000000000000000000000000000000000000000000000007600000000000000000000000000001090107                         0000000000000000000000000                                             000036
9201104                                                                                                                                                                                                                                                                                                                                                                                                   000037
