02RETORNO01COBRANCA       1584870000003760    IPAD                          104C ECON FEDERAL 090306                                                                                                                                                                                                                                                                                                 00158000001
102021974950001161584870000003760                             82000032861      000                        1421090306                              050306000000000860010430171000000000000125647101100306              0000000000000000000000000000000000000000000000008806000000000020600000000000001100306                         0000000000000000000000000                                             000002
102021974950001161584870000003760                             82000034554      000                        1421090306                              100306000000000750010407765000000000000125647101100306              0000000000000000000000000000000000000000000000007500000000000000000000000000001100306                         0000000000000000000000000                                             000003
102021974950001161584870000003760                             82000034813      000                        1421090306                              100306000000000750010407765000000000000125647101100306              0000000000000000000000000000000000000000000000007500000000000000000000000000001100306                         0000000000000000000000000                                             000004
102021974950001161584870000003760                             82000034961      000                        1421090306                              100306000000000750010407765000000000000125647101100306              0000000000000000000000000000000000000000000000007500000000000000000000000000001100306                         0000000000000000000000000                                             000005
102021974950001161584870000003760                             82000035267      000                        1421090306                              100306000000000750010407765000000000000125647101100306              0000000000000000000000000000000000000000000000007500000000000000000000000000001100306                         0000000000000000000000000                                             000006
102021974950001161584870000003760                             82000035321      000                        1421090306                              100306000000000750010407765000000000000125647101100306              0000000000000000000000000000000000000000000000007500000000000000000000000000001100306                         0000000000000000000000000                                             000007
102021974950001161584870000003760                             82000035747      000                        1421090306                              000000000000000860039928996000000000000270663101100306              0000000000000000000000000000000000000000000000008600000000000000000000000000001100306                         0000000000000000000000000                                             000008
102021974950001161584870000003760                             82000035771      000                        1421090306                              150306000000000860006500016000000000000270663101100306              0000000000000000000000000000000000000000000000008600000000000000000000000000001100306                         0000000000000000000000000                                             000009
102021974950001161584870000003760                             82000035909      000                        1421090306                              150306000000000860010409156000000000000125647101100306              0000000000000000000000000000000000000000000000008600000000000000000000000000001100306                         0000000000000000000000000                                             000010
102021974950001161584870000003760                             82000035968      000                        1421090306                              150306000000000860000124226000000000000270663101100306              0000000000000000000000000000000000000000000000008600000000000000000000000000001100306                         0000000000000000000000000                                             000011
102021974950001161584870000003760                             82000037944      000                        1421090306                              300306000000000750010412424000000000000125647101100306              0000000000000000000000000000000000000000000000007500000000000000000000000000001100306                         0000000000000000000000000                                             000012
102021974950001161584870000003760                             82000038312      000                        1421090306                              300306000000000860010415830000000000000240655100090306              0000000000000000000000000000000000000000000000008600000000000000000000000000001090306                         0000000000000000000000000                                             000013
102021974950001161584870000003760                             82010104156      000                        1421090306                              000000000000000375039928996000000000000270663101100306              0000000000000000000000000000000000000000000000003750000000000000000000000000001100306                         0000000000000000000000000                                             000014
102021974950001161584870000003760                             82010106159      000                        1421090306                              100306000000000750006500016000000000000270663101100306              0000000000000000000000000000000000000000000000007500000000000000000000000000001100306                         0000000000000000000000000                                             000015
102021974950001161584870000003760                             82010116154      000                        1421090306                              100306000000000750007347476000000000000270663101100306              0000000000000000000000000000000000000000000000007500000000000000000000000000001100306                         0000000000000000000000000                                             000016
102021974950001161584870000003760                             82010137151      000                        1421090306                              100306000000000750010414338000000000000125647101100306              0000000000000000000000000000000000000000000000007500000000000000000000000000001100306                         0000000000000000000000000                                             000017
102021974950001161584870000003760                             82010220156      000                        1421090306                              100306000000000420010414338000000000000125647101100306              0000000000000000000000000000000000000000000000004200000000000000000000000000001100306                         0000000000000000000000000                                             000018
102021974950001161584870000003760                             82010224151      000                        1421090306                              100306000000000420000117546000000000000270663101100306              0000000000000000000000000000000000000000000000004200000000000000000000000000001100306                         0000000000000000000000000                                             000019
102021974950001161584870000003760                             82030101152      000                        1421090306                              100306000000000750010424465000000000000125647101100306              0000000000000000000000000000000000000000000000007500000000000000000000000000001100306                         0000000000000000000000000                                             000020
102021974950001161584870000003760                             82030104151      000                        1421090306                              100306000000000750010424465000000000000125647101100306              0000000000000000000000000000000000000000000000007500000000000000000000000000001100306                         0000000000000000000000000                                             000021
102021974950001161584870000003760                             82030121153      000                        1421090306                              100306000000000750010424465000000000000125647101100306              0000000000000000000000000000000000000000000000007500000000000000000000000000001100306                         0000000000000000000000000                                             000022
102021974950001161584870000003760                             82030129154      000                        1421090306                              100306000000000750010424465000000000000240655100090306              0000000000000000000000000000000000000000000000007500000000000000000000000000001090306                         0000000000000000000000000                                             000023
102021974950001161584870000003760                             82030132155      000                        1421090306                              100306000000000750010424465000000000000125647101100306              0000000000000000000000000000000000000000000000007500000000000000000000000000001100306                         0000000000000000000000000                                             000024
102021974950001161584870000003760                             82030133151      000                        1421090306                              100306000000000750010424465000000000000240655100090306              0000000000000000000000000000000000000000000000007500000000000000000000000000001090306                         0000000000000000000000000                                             000025
102021974950001161584870000003760                             82040107161      000                        1421090306                              100306000000000430010400523000000000000125647101100306              0000000000000000000000000000000000000000000000004300000000000000000000000000001100306                         0000000000000000000000000                                             000026
102021974950001161584870000003760                             82040119160      000                        1421090306                              100306000000000430010400523000000000000125647101100306              0000000000000000000000000000000000000000000000004300000000000000000000000000001100306                         0000000000000000000000000                                             000027
102021974950001161584870000003760                             82040127162      000                        1421090306                              100306000000000430010400523000000000000125647101100306              0000000000000000000000000000000000000000000000004300000000000000000000000000001100306                         0000000000000000000000000                                             000028
102021974950001161584870000003760                             82040132166      000                        1421090306                              100306000000000860010409156000000000000125647101100306              0000000000000000000000000000000000000000000000008600000000000000000000000000001100306                         0000000000000000000000000                                             000029
102021974950001161584870000003760                             82040133162      000                        1421090306                              100306000000000860010409156000000000000125647101100306              0000000000000000000000000000000000000000000000008600000000000000000000000000001100306                         0000000000000000000000000                                             000030
102021974950001161584870000003760                             82040134169      000                        1421090306                              100306000000000860010409156000000000000125647101100306              0000000000000000000000000000000000000000000000008600000000000000000000000000001100306                         0000000000000000000000000                                             000031
102021974950001161584870000003760                             82040210167      000                        1421090306                              100306000000000430000116646000000000000270663101100306              0000000000000000000000000000000000000000000000004300000000000000000000000000001100306                         0000000000000000000000000                                             000032
102021974950001161584870000003760                             82040216165      000                        1421090306                              100306000000000860006500016000000000000270663101100306              0000000000000000000000000000000000000000000000008600000000000000000000000000001100306                         0000000000000000000000000                                             000033
102021974950001161584870000003760                             82040217161      000                        1421090306                              100306000000000430075641796000000000000270663101100306              0000000000000000000000000000000000000000000000004300000000000000000000000000001100306                         0000000000000000000000000                                             000034
102021974950001161584870000003760                             82040231164      000                        1421090306                              100306000000000430010400523000000000000125647101100306              0000000000000000000000000000000000000000000000004300000000000000000000000000001100306                         0000000000000000000000000                                             000035
102021974950001161584870000003760                             82040306164      000                        1421090306                              100306000000000360010400523000000000000125647101100306              0000000000000000000000000000000000000000000000003600000000000000000000000000001100306                         0000000000000000000000000                                             000036
102021974950001161584870000003760                             82040308167      000                        1421090306                              100306000000000360010400523000000000000125647101100306              0000000000000000000000000000000000000000000000003600000000000000000000000000001100306                         0000000000000000000000000                                             000037
102021974950001161584870000003760                             82040309163      000                        1421090306                              100306000000000360006500016000000000000270663101100306              0000000000000000000000000000000000000000000000003600000000000000000000000000001100306                         0000000000000000000000000                                             000038
102021974950001161584870000003760                             82040310153      000                        1421090306                              100206000000000220010400523000000000000125647101100306              0000000000000000000000000000000000000000000000002303000000000010300000000000001100306                         0000000000000000000000000                                             000039
102021974950001161584870000003760                             82040313160      000                        1421090306                              100306000000000360010400523000000000000125647101100306              0000000000000000000000000000000000000000000000003600000000000000000000000000001100306                         0000000000000000000000000                                             000040
102021974950001161584870000003760                             82040314167      000                        1421090306                              100306000000000360010400523000000000000125647101100306              0000000000000000000000000000000000000000000000003600000000000000000000000000001100306                         0000000000000000000000000                                             000041
102021974950001161584870000003760                             82040315163      000                        1421090306                              100306000000000360006500016000000000000270663101100306              0000000000000000000000000000000000000000000000003600000000000000000000000000001100306                         0000000000000000000000000                                             000042
102021974950001161584870000003760                             82040316160      000                        1421090306                              100306000000000360006500016000000000000270663101100306              0000000000000000000000000000000000000000000000003600000000000000000000000000001100306                         0000000000000000000000000                                             000043
102021974950001161584870000003760                             82040317166      000                        1421090306                              100306000000000360010400523000000000000125647101100306              0000000000000000000000000000000000000000000000003600000000000000000000000000001100306                         0000000000000000000000000                                             000044
102021974950001161584870000003760                             82040323166      000                        1421090306                              100306000000000360007347476000000000000270663101100306              0000000000000000000000000000000000000000000000003600000000000000000000000000001100306                         0000000000000000000000000                                             000045
102021974950001161584870000003760                             82040327161      000                        1421090306                              100306000000000360010400523000000000000125647101100306              0000000000000000000000000000000000000000000000003600000000000000000000000000001100306                         0000000000000000000000000                                             000046
102021974950001161584870000003760                             82040513151      000                        1421090306                              100206000000000860010400523000000000000125647101100306              0000000000000000000000000000000000000000000000009004000000000040400000000000001100306                         0000000000000000000000000                                             000047
102021974950001161584870000003760                             82040521162      000                        1421090306                              100306000000000860010400523000000000000125647101100306              0000000000000000000000000000000000000000000000008600000000000000000000000000001100306                         0000000000000000000000000                                             000048
102021974950001161584870000003760                             82040534167      000                        1421090306                              100306000000000860010400523000000000000125647101100306              0000000000000000000000000000000000000000000000008600000000000000000000000000001100306                         0000000000000000000000000                                             000049
102021974950001161584870000003760                             82040604165      000                        1421090306                              100306000000000860075641796000000000000270663101100306              0000000000000000000000000000000000000000000000008600000000000000000000000000001100306                         0000000000000000000000000                                             000050
102021974950001161584870000003760                             82050101166      000                        1421090306                              100306000000000400010412955000000000000125647101100306              0000000000000000000000000000000000000000000000004000000000000000000000000000001100306                         0000000000000000000000000                                             000051
102021974950001161584870000003760                             82050107164      000                        1421090306                              100306000000000400010400531000000000000125647101100306              0000000000000000000000000000000000000000000000004000000000000000000000000000001100306                         0000000000000000000000000                                             000052
102021974950001161584870000003760                             82050108160      000                        1421090306                              100306000000000400006500016000000000000270663101100306              0000000000000000000000000000000000000000000000004000000000000000000000000000001100306                         0000000000000000000000000                                             000053
102021974950001161584870000003760                             82050115167      000                        1421090306                              000000000000000400039928996000000000000270663101100306              0000000000000000000000000000000000000000000000004000000000000000000000000000001100306                         0000000000000000000000000                                             000054
102021974950001161584870000003760                             82050116163      000                        1421090306                              100306000000000400010400531000000000000125647101100306              0000000000000000000000000000000000000000000000004000000000000000000000000000001100306                         0000000000000000000000000                                             000055
102021974950001161584870000003760                             82050125162      000                        1421090306                              100306000000000400010400531000000000000125647101100306              0000000000000000000000000000000000000000000000004000000000000000000000000000001100306                         0000000000000000000000000                                             000056
102021974950001161584870000003760                             82050131154      000                        1421090306                              100206000000000400010400531000000000000125647101100306              0000000000000000000000000000000000000000000000004188000000000018800000000000001100306                         0000000000000000000000000                                             000057
102021974950001161584870000003760                             82050131162      000                        1421090306                              100306000000000400010400531000000000000125647101100306              0000000000000000000000000000000000000000000000004000000000000000000000000000001100306                         0000000000000000000000000                                             000058
102021974950001161584870000003760                             82050210160      000                        1421090306                              100306000000000400006500016000000000000270663101100306              0000000000000000000000000000000000000000000000004000000000000000000000000000001100306                         0000000000000000000000000                                             000059
102021974950001161584870000003760                             82050220165      000                        1421090306                              100306000000000400006500016000000000000270663101100306              0000000000000000000000000000000000000000000000004000000000000000000000000000001100306                         0000000000000000000000000                                             000060
102021974950001161584870000003760                             82050227160      000                        1421090306                              100306000000000400006500016000000000000270663101100306              0000000000000000000000000000000000000000000000004000000000000000000000000000001100306                         0000000000000000000000000                                             000061
102021974950001161584870000003760                             82050234166      000                        1421090306                              100306000000000400006500016000000000000270663101100306              0000000000000000000000000000000000000000000000004000000000000000000000000000001100306                         0000000000000000000000000                                             000062
102021974950001161584870000003760                             82050237157      000                        1421090306                              100306000000026950000116506000000000000270663101100306              0000000000000000000000000000000000000000000000269500000000000000000000000000001100306                         0000000000000000000000000                                             000063
102021974950001161584870000003760                             82050304164      000                        1421090306                              100306000000000860000116666000000000000270663101100306              0000000000000000000000000000000000000000000000008600000000000000000000000000001100306                         0000000000000000000000000                                             000064
102021974950001161584870000003760                             82050313163      000                        1421090306                              100306000000000860000116666000000000000270663101100306              0000000000000000000000000000000000000000000000008600000000000000000000000000001100306                         0000000000000000000000000                                             000065
102021974950001161584870000003760                             82050324165      000                        1421090306                              100306000000000860000116666000000000000270663101100306              0000000000000000000000000000000000000000000000008600000000000000000000000000001100306                         0000000000000000000000000                                             000066
102021974950001161584870000003760                             82050337160      000                        1421090306                              100306000000000860010427782000000000000125647101100306              0000000000000000000000000000000000000000000000008600000000000000000000000000001100306                         0000000000000000000000000                                             000067
102021974950001161584870000003760                             82060101177      000                        1421090306                              150306000000000860075641796000000000000270663101100306              0000000000000000000000000000000000000000000000008600000000000000000000000000001100306                         0000000000000000000000000                                             000068
102021974950001161584870000003760                             82060315150      000                        1421090306                              150306000000000860010408761000000000000125647101100306              0000000000000000000000000000000000000000000000008600000000000000000000000000001100306                         0000000000000000000000000                                             000069
102021974950001161584870000003760                             82060334155      000                        1421090306                              150306000000000860006500016000000000000270663101100306              0000000000000000000000000000000000000000000000008600000000000000000000000000001100306                         0000000000000000000000000                                             000070
102021974950001161584870000003760                             82070101170      000                        1421090306                              100406000000000860034105506000000000000270663101100306              0000000000000000000000000000000000000000000000008600000000000000000000000000001100306                         0000000000000000000000000                                             000071
102021974950001161584870000003760                             82070103156      000                        1421090306                              100206000000000860010423485000000000000240655100090306              0000000000000000000000000000000000000000000000009004000000000040400000000000001090306                         0000000000000000000000000                                             000072
102021974950001161584870000003760                             82070115162      000                        1421090306                              100306000000000860010415806000000000000125647101100306              0000000000000000000000000000000000000000000000008600000000000000000000000000001100306                         0000000000000000000000000                                             000073
102021974950001161584870000003760                             82070331159      000                        1421090306                              150206000000000860010409440000000000000125647101100306              0000000000000000000000000000000000000000000000008948000000000034800000000000001100306                         0000000000000000000000000                                             000074
102021974950001161584870000003760                             82090209162      000                        1421090306                              100306000000000750010400540000000000000125647101100306              0000000000000000000000000000000000000000000000007500000000000000000000000000001100306                         0000000000000000000000000                                             000075
102021974950001161584870000003760                             82090229163      000                        1421090306                              100306000000000750010412424000000000000125647101100306              0000000000000000000000000000000000000000000000007500000000000000000000000000001100306                         0000000000000000000000000                                             000076
102021974950001161584870000003760                             82090405158      000                        1421090306                              100206000000000750010400540000000000000125647101100306              0000000000000000000000000000000000000000000000007850000000000035000000000000001100306                         0000000000000000000000000                                             000077
102021974950001161584870000003760                             82090410160      000                        1421090306                              100306000000000750006500016000000000000270663101100306              0000000000000000000000000000000000000000000000007500000000000000000000000000001100306                         0000000000000000000000000                                             000078
102021974950001161584870000003760                             82090412162      000                        1421090306                              100306000000000750010412424000000000000125647101100306              0000000000000000000000000000000000000000000000007500000000000000000000000000001100306                         0000000000000000000000000                                             000079
102021974950001161584870000003760                             82090502161      000                        1421090306                              100306000000000375006500016000000000000270663101100306              0000000000000000000000000000000000000000000000003750000000000000000000000000001100306                         0000000000000000000000000                                             000080
102021974950001161584870000003760                             82090507163      000                        1421090306                              100306000000000375006500016000000000000270663101100306              0000000000000000000000000000000000000000000000003750000000000000000000000000001100306                         0000000000000000000000000                                             000081
102021974950001161584870000003760                             82090510164      000                        1421090306                              100306000000000750010408770000000000000125647101100306              0000000000000000000000000000000000000000000000007500000000000000000000000000001100306                         0000000000000000000000000                                             000082
102021974950001161584870000003760                             82090605165      000                        1421090306                              100306000000000375010408770000000000000125647101100306              0000000000000000000000000000000000000000000000003750000000000000000000000000001100306                         0000000000000000000000000                                             000083
102021974950001161584870000003760                             82090619166      000                        1421090306                              100306000000000375006500016000000000000270663101100306              0000000000000000000000000000000000000000000000003750000000000000000000000000001100306                         0000000000000000000000000                                             000084
102021974950001161584870000003760                             82090620164      000                        1421090306                              100306000000000375006500016000000000000270663101100306              0000000000000000000000000000000000000000000000003750000000000000000000000000001100306                         0000000000000000000000000                                             000085
102021974950001161584870000003760                             82090714169      000                        1421090306                              100306000000000750006500016000000000000270663101100306              0000000000000000000000000000000000000000000000007500000000000000000000000000001100306                         0000000000000000000000000                                             000086
102021974950001161584870000003760                             82090720150      000                        1421090306                              100206000000000750010408770000000000000240655100090306              0000000000000000000000000000000000000000000000007874000000000037400000000000001090306                         0000000000000000000000000                                             000087
102021974950001161584870000003760                             82090726167      000                        1421090306                              100306000000000750006500016000000000000270663101100306              0000000000000000000000000000000000000000000000007500000000000000000000000000001100306                         0000000000000000000000000                                             000088
102021974950001161584870000003760                             82090729166      000                        1421090306                              100306000000000750075641796000000000000270663101100306              0000000000000000000000000000000000000000000000007500000000000000000000000000001100306                         0000000000000000000000000                                             000089
102021974950001161584870000003760                             82090908168      000                        1421090306                              100306000000000750010408770000000000000125647101100306              0000000000000000000000000000000000000000000000007500000000000000000000000000001100306                         0000000000000000000000000                                             000090
102021974950001161584870000003760                             82090911169      000                        1421090306                              100306000000000375010408770000000000000125647101100306              0000000000000000000000000000000000000000000000003750000000000000000000000000001100306                         0000000000000000000000000                                             000091
102021974950001161584870000003760                             82090915164      000                        1421090306                              100306000000000750010408770000000000000125647101100306              0000000000000000000000000000000000000000000000007500000000000000000000000000001100306                         0000000000000000000000000                                             000092
102021974950001161584870000003760                             82090924163      000                        1421090306                              100306000000000375010408770000000000000125647101100306              0000000000000000000000000000000000000000000000003750000000000000000000000000001100306                         0000000000000000000000000                                             000093
102021974950001161584870000003760                             82090927162      000                        1421090306                              100306000000000375010408770000000000000125647101100306              0000000000000000000000000000000000000000000000003750000000000000000000000000001100306                         0000000000000000000000000                                             000094
102021974950001161584870000003760                             82090931160      000                        1421090306                              100306000000000375006500016000000000000270663101100306              0000000000000000000000000000000000000000000000003750000000000000000000000000001100306                         0000000000000000000000000                                             000095
102021974950001161584870000003760                             82090937168      000                        1421090306                              100306000000000375010408770000000000000125647101100306              0000000000000000000000000000000000000000000000003750000000000000000000000000001100306                         0000000000000000000000000                                             000096
102021974950001161584870000003760                             82091004149      000                        1421090306                              100106000000000375010408770000000000000125647101100306              0000000000000000000000000000000000000000000000004030000000000028000000000000001100306                         0000000000000000000000000                                             000097
102021974950001161584870000003760                             82091006168      000                        1421090306                              100306000000000750010408770000000000000125647101100306              0000000000000000000000000000000000000000000000007500000000000000000000000000001100306                         0000000000000000000000000                                             000098
102021974950001161584870000003760                             82091018166      000                        1421090306                              100306000000000375006500016000000000000270663101100306              0000000000000000000000000000000000000000000000003750000000000000000000000000001100306                         0000000000000000000000000                                             000099
102021974950001161584870000003760                             82091219161      000                        1421090306                              100306000000000750010400540000000000000125647101100306              0000000000000000000000000000000000000000000000007500000000000000000000000000001100306                         0000000000000000000000000                                             000100
102021974950001161584870000003760                             82110107157      000                        1421090306                              100306000000000750010407765000000000000125647101100306              0000000000000000000000000000000000000000000000007500000000000000000000000000001100306                         0000000000000000000000000                                             000101
102021974950001161584870000003760                             82110108153      000                        1421090306                              100306000000000750010407765000000000000125647101100306              0000000000000000000000000000000000000000000000007500000000000000000000000000001100306                         0000000000000000000000000                                             000102
102021974950001161584870000003760                             82110205159      000                        1421090306                              100306000000000450010407765000000000000125620101100306              0000000000000000000000000000000000000000000000004500000000000000000000000000001100306                         0000000000000000000000000                                             000103
102021974950001161584870000003760                             82110208158      000                        1421090306                              100306000000000450010407765000000000000125620101100306              0000000000000000000000000000000000000000000000004500000000000000000000000000001100306                         0000000000000000000000000                                             000104
102021974950001161584870000003760                             82110219150      000                        1421090306                              100306000000000450010407765000000000000125620101100306              0000000000000000000000000000000000000000000000004500000000000000000000000000001100306                         0000000000000000000000000                                             000105
102021974950001161584870000003760                             82110221154      000                        1421090306                              100306000000000450010407765000000000000125620101100306              0000000000000000000000000000000000000000000000004500000000000000000000000000001100306                         0000000000000000000000000                                             000106
102021974950001161584870000003760                             82110223157      000                        1421090306                              100306000000000450010407765000000000000125620101100306              0000000000000000000000000000000000000000000000004500000000000000000000000000001100306                         0000000000000000000000000                                             000107
102021974950001161584870000003760                             82110226156      000                        1421090306                              100306000000008400000108706000000000000270663101100306              0000000000000000000000000000000000000000000000084000000000000000000000000000001100306                         0000000000000000000000000                                             000108
102021974950001161584870000003760                             82110228124      000                        1421090306                              100106000000000450010407765000000000000240655100090306              0000000000000000000000000000000000000000000000004880000000000038000000000000001090306                         0000000000000000000000000                                             000109
102021974950001161584870000003760                             82120131158      000                        1421090306                              100206000000000650010421245000000000000125647101100306              0000000000000000000000000000000000000000000000006792000000000029200000000000001100306                         0000000000000000000000000                                             000110
102021974950001161584870000003760                             82130110170      000                        1421090306                              100306000000000860010409148000000000000125647101100306              0000000000000000000000000000000000000000000000008600000000000000000000000000001100306                         0000000000000000000000000                                             000111
102021974950001161584870000003760                             82130114175      000                        1421090306                              100306000000000860010409148000000000000125647101100306              0000000000000000000000000000000000000000000000008600000000000000000000000000001100306                         0000000000000000000000000                                             000112
102021974950001161584870000003760                             82130211170      000                        1421090306                              100306000000000860006500016000000000000270663101100306              0000000000000000000000000000000000000000000000008600000000000000000000000000001100306                         0000000000000000000000000                                             000113
9201104                                                                                                                                                                                                                                                                                                                                                                                                   000114
