02RETORNO01COBRANCA       1584870000003760    IPAD                          104C ECON FEDERAL 090806                                                                                                                                                                                                                                                                                                 00263000001
102021974950001161584870000003760                             82000046153      000                        1421090806                              000000000000000760000139246000000000000270663101100806              0000000000000000000000000000000000000000000000007600000000000000000000000000001100806                         0000000000000000000000000                                             000002
102021974950001161584870000003760                             82000046161      000                        1421090806                              000000000000000760010421245000000000000125647101100806              0000000000000000000000000000000000000000000000007600000000000000000000000000001100806                         0000000000000000000000000                                             000003
102021974950001161584870000003760                             82000046366      000                        1421090806                              000000000000000760010421245000000000000125647101100806              0000000000000000000000000000000000000000000000007600000000000000000000000000001100806                         0000000000000000000000000                                             000004
102021974950001161584870000003760                             82000046404      000                        1421090806                              000000000000000760010421245000000000000125647101100806              0000000000000000000000000000000000000000000000007600000000000000000000000000001100806                         0000000000000000000000000                                             000005
102021974950001161584870000003760                             82030201130      000                        1421090806                              100806000000000760010409156000000000000125647101100806              0000000000000000000000000000000000000000000000007600000000000000000000000000001100806                         0000000000000000000000000                                             000006
102021974950001161584870000003760                             82030208135      000                        1421090806                              100806000000000760010409156000000000000125647101100806              0000000000000000000000000000000000000000000000007600000000000000000000000000001100806                         0000000000000000000000000                                             000007
102021974950001161584870000003760                             82030212132      000                        1421090806                              100806000000000760010409156000000000000125647101100806              0000000000000000000000000000000000000000000000007600000000000000000000000000001100806                         0000000000000000000000000                                             000008
102021974950001161584870000003760                             82030220135      000                        1421090806                              100806000000000760010409156000000000000125647101100806              0000000000000000000000000000000000000000000000007600000000000000000000000000001100806                         0000000000000000000000000                                             000009
102021974950001161584870000003760                             82030410155      000                        1421090806                              100806000000000760010407757000000000000125647101100806              0000000000000000000000000000000000000000000000007600000000000000000000000000001100806                         0000000000000000000000000                                             000010
102021974950001161584870000003760                             82030411151      000                        1421090806                              100806000000000760010407757000000000000125647101100806              0000000000000000000000000000000000000000000000007600000000000000000000000000001100806                         0000000000000000000000000                                             000011
102021974950001161584870000003760                             82030423150      000                        1421090806                              100806000000000760010407757000000000000125647101100806              0000000000000000000000000000000000000000000000007600000000000000000000000000001100806                         0000000000000000000000000                                             000012
102021974950001161584870000003760                             82030525122      000                        1421090806                              150806000000000760010409156000000000000125620101100806              0000000000000000000000000000000000000000000000007600000000000000000000000000001100806                         0000000000000000000000000                                             000013
102021974950001161584870000003760                             82030704116      000                        1421090806                              100806000000000760000111126000000000000270663101100806              0000000000000000000000000000000000000000000000007600000000000000000000000000001100806                         0000000000000000000000000                                             000014
102021974950001161584870000003760                             82030719113      000                        1421090806                              100806000000000760010409148000000000000125647101100806              0000000000000000000000000000000000000000000000007600000000000000000000000000001100806                         0000000000000000000000000                                             000015
102021974950001161584870000003760                             82030725113      000                        1421090806                              000000000000000760039928996000000000000270663101100806              0000000000000000000000000000000000000000000000007600000000000000000000000000001100806                         0000000000000000000000000                                             000016
102021974950001161584870000003760                             82030733116      000                        1421090806                              000000000000000760039928996000000000000270663101100806              0000000000000000000000000000000000000000000000007600000000000000000000000000001100806                         0000000000000000000000000                                             000017
102021974950001161584870000003760                             82030918124      000                        1421090806                              100806000000000760010407757000000000000125647101100806              0000000000000000000000000000000000000000000000007600000000000000000000000000001100806                         0000000000000000000000000                                             000018
102021974950001161584870000003760                             82030921125      000                        1421090806                              100806000000000760010407757000000000000125647101100806              0000000000000000000000000000000000000000000000007600000000000000000000000000001100806                         0000000000000000000000000                                             000019
102021974950001161584870000003760                             82030924124      000                        1421090806                              100806000000000760010407757000000000000125647101100806              0000000000000000000000000000000000000000000000007600000000000000000000000000001100806                         0000000000000000000000000                                             000020
102021974950001161584870000003760                             82030929126      000                        1421090806                              100806000000000760010407757000000000000125647101100806              0000000000000000000000000000000000000000000000007600000000000000000000000000001100806                         0000000000000000000000000                                             000021
102021974950001161584870000003760                             82060223167      000                        1421090806                              040806000000000860010421911000000000000240655100090806              0000000000000000000000000000000000000000000000008600000000000000000000000000001090806                         0000000000000000000000000                                             000022
102021974950001161584870000003760                             82060223175      000                        1421090806                              040806000000000860010421911000000000000240655100090806              0000000000000000000000000000000000000000000000008600000000000000000000000000001090806                         0000000000000000000000000                                             000023
102021974950001161584870000003760                             82060416127      000                        1421090806                              100806000000000760006500016000000000000270663101100806              0000000000000000000000000000000000000000000000007600000000000000000000000000001100806                         0000000000000000000000000                                             000024
102021974950001161584870000003760                             82060511120      000                        1421090806                              100806000000000760010409172000000000000125647101100806              0000000000000000000000000000000000000000000000007600000000000000000000000000001100806                         0000000000000000000000000                                             000025
102021974950001161584870000003760                             82060523128      000                        1421090806                              100806000000000760010400450000000000000125647101100806              0000000000000000000000000000000000000000000000007600000000000000000000000000001100806                         0000000000000000000000000                                             000026
102021974950001161584870000003760                             82060527123      000                        1421090806                              000000000000000760039928996000000000000270663101100806              0000000000000000000000000000000000000000000000007600000000000000000000000000001100806                         0000000000000000000000000                                             000027
102021974950001161584870000003760                             82060705145      000                        1421090806                              150706000000000860010400477000000000000125647101100806              0000000000000000000000000000000000000000000000008997000000000039700000000000001100806                         0000000000000000000000000                                             000028
102021974950001161584870000003760                             82060913120      000                        1421090806                              100806000000000760010400450000000000000125647101100806              0000000000000000000000000000000000000000000000007600000000000000000000000000001100806                         0000000000000000000000000                                             000029
102021974950001161584870000003760                             82070507176      000                        1421090806                              150406000000000860010410286000000000000125647101100806              0000000000000000000000000000000000000000000000009511000000000091100000000000001100806                         0000000000000000000000000                                             000030
102021974950001161584870000003760                             82071209128      000                        1421090806                              100806000000000760010400450000000000000125647101100806              0000000000000000000000000000000000000000000000007600000000000000000000000000001100806                         0000000000000000000000000                                             000031
102021974950001161584870000003760                             82110822140      000                        1421090806                              250706000000000750010407765000000000000125647101100806              0000000000000000000000000000000000000000000000007770000000000027000000000000001100806                         0000000000000000000000000                                             000032
102021974950001161584870000003760                             82110827141      000                        1421090806                              250706000000000750010407765000000000000125647101100806              0000000000000000000000000000000000000000000000007770000000000027000000000000001100806                         0000000000000000000000000                                             000033
9201104                                                                                                                                                                                                                                                                                                                                                                                                   000034
