02RETORNO01COBRANCA       1584870000003760    IPAD                          104C ECON FEDERAL 090106                                                                                                                                                                                                                                                                                                 00117000001
102021974950001161584870000003760                             82010105136      000                        1421090106                              000000000000000750039928996000000000000270663101100106              0000000000000000000000000000000000000000000000007500000000000000000000000000001100106                         0000000000000000000000000                                             000002
102021974950001161584870000003760                             82010204134      000                        1421090106                              100106000000000420000117546000000000000270663101100106              0000000000000000000000000000000000000000000000004200000000000000000000000000001100106                         0000000000000000000000000                                             000003
102021974950001161584870000003760                             82010205130      000                        1421090106                              100106000000000420000117546000000000000270663101100106              0000000000000000000000000000000000000000000000004200000000000000000000000000001100106                         0000000000000000000000000                                             000004
102021974950001161584870000003760                             82010213133      000                        1421090106                              100106000000000750023725426000000000000270663101100106              0000000000000000000000000000000000000000000000007500000000000000000000000000001100106                         0000000000000000000000000                                             000005
102021974950001161584870000003760                             82010218135      000                        1421090106                              100106000000000420000117546000000000000270663101100106              0000000000000000000000000000000000000000000000004200000000000000000000000000001100106                         0000000000000000000000000                                             000006
102021974950001161584870000003760                             82030107134      000                        1421090106                              100106000000000750010424465000000000000240655100090106              0000000000000000000000000000000000000000000000007500000000000000000000000000001090106                         0000000000000000000000000                                             000007
102021974950001161584870000003760                             82030109137      000                        1421090106                              100106000000000750000109176000000000000270663101100106              0000000000000000000000000000000000000000000000007500000000000000000000000000001100106                         0000000000000000000000000                                             000008
102021974950001161584870000003760                             82030110135      000                        1421090106                              100106000000000750010424465000000000000125647101100106              0000000000000000000000000000000000000000000000007500000000000000000000000000001100106                         0000000000000000000000000                                             000009
102021974950001161584870000003760                             82030112138      000                        1421090106                              100106000000000750010424465000000000000125647101100106              0000000000000000000000000000000000000000000000007500000000000000000000000000001100106                         0000000000000000000000000                                             000010
102021974950001161584870000003760                             82030123130      000                        1421090106                              100106000000000750010424465000000000000125647101100106              0000000000000000000000000000000000000000000000007500000000000000000000000000001100106                         0000000000000000000000000                                             000011
102021974950001161584870000003760                             82030129138      000                        1421090106                              100106000000000750010424465000000000000125647101100106              0000000000000000000000000000000000000000000000007500000000000000000000000000001100106                         0000000000000000000000000                                             000012
102021974950001161584870000003760                             82030132139      000                        1421090106                              100106000000000750010424465000000000000125647101100106              0000000000000000000000000000000000000000000000007500000000000000000000000000001100106                         0000000000000000000000000                                             000013
102021974950001161584870000003760                             82040106149      000                        1421090106                              100106000000000430075641796000000000000270663101100106              0000000000000000000000000000000000000000000000004300000000000000000000000000001100106                         0000000000000000000000000                                             000014
102021974950001161584870000003760                             82040115148      000                        1421090106                              100106000000000430075641796000000000000270663101100106              0000000000000000000000000000000000000000000000004300000000000000000000000000001100106                         0000000000000000000000000                                             000015
102021974950001161584870000003760                             82040121148      000                        1421090106                              100106000000000430075641796000000000000270663101100106              0000000000000000000000000000000000000000000000004300000000000000000000000000001100106                         0000000000000000000000000                                             000016
102021974950001161584870000003760                             82040126140      000                        1421090106                              100106000000000860006500016000000000000270663101100106              0000000000000000000000000000000000000000000000008600000000000000000000000000001100106                         0000000000000000000000000                                             000017
102021974950001161584870000003760                             82040134142      000                        1421090106                              100106000000000860010409156000000000000125647101100106              0000000000000000000000000000000000000000000000008600000000000000000000000000001100106                         0000000000000000000000000                                             000018
102021974950001161584870000003760                             82040205147      000                        1421090106                              100106000000000430075641796000000000000270663101100106              0000000000000000000000000000000000000000000000004300000000000000000000000000001100106                         0000000000000000000000000                                             000019
102021974950001161584870000003760                             82040206143      000                        1421090106                              100106000000000430006500016000000000000270663101100106              0000000000000000000000000000000000000000000000004300000000000000000000000000001100106                         0000000000000000000000000                                             000020
102021974950001161584870000003760                             82040208146      000                        1421090106                              100106000000000430075641796000000000000270663101100106              0000000000000000000000000000000000000000000000004300000000000000000000000000001100106                         0000000000000000000000000                                             000021
102021974950001161584870000003760                             82040218141      000                        1421090106                              100106000000000430006500016000000000000270663101100106              0000000000000000000000000000000000000000000000004300000000000000000000000000001100106                         0000000000000000000000000                                             000022
102021974950001161584870000003760                             82040224141      000                        1421090106                              100106000000000430010400523000000000000125647101100106              0000000000000000000000000000000000000000000000004300000000000000000000000000001100106                         0000000000000000000000000                                             000023
102021974950001161584870000003760                             82040227140      000                        1421090106                              100106000000000430006500016000000000000270663101100106              0000000000000000000000000000000000000000000000004300000000000000000000000000001100106                         0000000000000000000000000                                             000024
102021974950001161584870000003760                             82040229143      000                        1421090106                              100106000000000430010400523000000000000125647101100106              0000000000000000000000000000000000000000000000004300000000000000000000000000001100106                         0000000000000000000000000                                             000025
102021974950001161584870000003760                             82040230141      000                        1421090106                              100106000000000430010400523000000000000125647101100106              0000000000000000000000000000000000000000000000004300000000000000000000000000001100106                         0000000000000000000000000                                             000026
102021974950001161584870000003760                             82040235143      000                        1421090106                              100106000000000430010400523000000000000125647101100106              0000000000000000000000000000000000000000000000004300000000000000000000000000001100106                         0000000000000000000000000                                             000027
102021974950001161584870000003760                             82040236140      000                        1421090106                              100106000000000860010400523000000000000125647101100106              0000000000000000000000000000000000000000000000008600000000000000000000000000001100106                         0000000000000000000000000                                             000028
102021974950001161584870000003760                             82040238142      000                        1421090106                              100106000000000860010400523000000000000125647101100106              0000000000000000000000000000000000000000000000008600000000000000000000000000001100106                         0000000000000000000000000                                             000029
102021974950001161584870000003760                             82040316143      000                        1421090106                              100106000000000360006500016000000000000270663101100106              0000000000000000000000000000000000000000000000003600000000000000000000000000001100106                         0000000000000000000000000                                             000030
102021974950001161584870000003760                             82040320140      000                        1421090106                              000000000000000360023732126000000000000270663101100106              0000000000000000000000000000000000000000000000003600000000000000000000000000001100106                         0000000000000000000000000                                             000031
102021974950001161584870000003760                             82040323140      000                        1421090106                              100106000000000360010400523000000000000125647101100106              0000000000000000000000000000000000000000000000003600000000000000000000000000001100106                         0000000000000000000000000                                             000032
102021974950001161584870000003760                             82040324146      000                        1421090106                              100106000000000360010400523000000000000125647101100106              0000000000000000000000000000000000000000000000003600000000000000000000000000001100106                         0000000000000000000000000                                             000033
102021974950001161584870000003760                             82040326149      000                        1421090106                              100106000000000360006500016000000000000270663101100106              0000000000000000000000000000000000000000000000003600000000000000000000000000001100106                         0000000000000000000000000                                             000034
102021974950001161584870000003760                             82040327145      000                        1421090106                              100106000000000360010400523000000000000125647101100106              0000000000000000000000000000000000000000000000003600000000000000000000000000001100106                         0000000000000000000000000                                             000035
102021974950001161584870000003760                             82040420137      000                        1421090106                              100106000000000860000125646000000000000270663101100106              0000000000000000000000000000000000000000000000008600000000000000000000000000001100106                         0000000000000000000000000                                             000036
102021974950001161584870000003760                             82040421141      000                        1421090106                              100106000000000860010400523000000000000125647101100106              0000000000000000000000000000000000000000000000008600000000000000000000000000001100106                         0000000000000000000000000                                             000037
102021974950001161584870000003760                             82040426143      000                        1421090106                              100106000000000860010400523000000000000125620101100106              0000000000000000000000000000000000000000000000008600000000000000000000000000001100106                         0000000000000000000000000                                             000038
102021974950001161584870000003760                             82040429142      000                        1421090106                              000000000000000860039928996000000000000270663101100106              0000000000000000000000000000000000000000000000008600000000000000000000000000001100106                         0000000000000000000000000                                             000039
102021974950001161584870000003760                             82040515146      000                        1421090106                              100106000000000860023732126000000000000270663101100106              0000000000000000000000000000000000000000000000008600000000000000000000000000001100106                         0000000000000000000000000                                             000040
102021974950001161584870000003760                             82040520140      000                        1421090106                              100106000000000860010400523000000000000125647101100106              0000000000000000000000000000000000000000000000008600000000000000000000000000001100106                         0000000000000000000000000                                             000041
102021974950001161584870000003760                             82040530145      000                        1421090106                              100106000000000860075641796000000000000270663101100106              0000000000000000000000000000000000000000000000008600000000000000000000000000001100106                         0000000000000000000000000                                             000042
102021974950001161584870000003760                             82040531133      000                        1421090106                              101205000000000860010400523000000000000125647101100106              0000000000000000000000000000000000000000000000009042000000000044200000000000001100106                         0000000000000000000000000                                             000043
102021974950001161584870000003760                             82040606141      000                        1421090106                              100106000000000860006500016000000000000270663101100106              0000000000000000000000000000000000000000000000008600000000000000000000000000001100106                         0000000000000000000000000                                             000044
102021974950001161584870000003760                             82050101140      000                        1421090106                              100106000000000400010412955000000000000125647101100106              0000000000000000000000000000000000000000000000004000000000000000000000000000001100106                         0000000000000000000000000                                             000045
102021974950001161584870000003760                             82050102146      000                        1421090106                              100106000000000400010400531000000000000125647101100106              0000000000000000000000000000000000000000000000004000000000000000000000000000001100106                         0000000000000000000000000                                             000046
102021974950001161584870000003760                             82050104149      000                        1421090106                              100106000000000400010412955000000000000125647101100106              0000000000000000000000000000000000000000000000004000000000000000000000000000001100106                         0000000000000000000000000                                             000047
102021974950001161584870000003760                             82050111145      000                        1421090106                              100106000000000400010412955000000000000125647101100106              0000000000000000000000000000000000000000000000004000000000000000000000000000001100106                         0000000000000000000000000                                             000048
102021974950001161584870000003760                             82050112141      000                        1421090106                              100106000000000400010400531000000000000125647101100106              0000000000000000000000000000000000000000000000004000000000000000000000000000001100106                         0000000000000000000000000                                             000049
102021974950001161584870000003760                             82050113148      000                        1421090106                              100106000000000400007347476000000000000270663101100106              0000000000000000000000000000000000000000000000004000000000000000000000000000001100106                         0000000000000000000000000                                             000050
102021974950001161584870000003760                             82050120144      000                        1421090106                              100106000000000400006500016000000000000270663101100106              0000000000000000000000000000000000000000000000004000000000000000000000000000001100106                         0000000000000000000000000                                             000051
102021974950001161584870000003760                             82050121140      000                        1421090106                              100106000000000400006500016000000000000270663101100106              0000000000000000000000000000000000000000000000004000000000000000000000000000001100106                         0000000000000000000000000                                             000052
102021974950001161584870000003760                             82050126142      000                        1421090106                              100106000000000400006500016000000000000270663101100106              0000000000000000000000000000000000000000000000004000000000000000000000000000001100106                         0000000000000000000000000                                             000053
102021974950001161584870000003760                             82050128145      000                        1421090106                              100106000000000400010400531000000000000125647101100106              0000000000000000000000000000000000000000000000004000000000000000000000000000001100106                         0000000000000000000000000                                             000054
102021974950001161584870000003760                             82050135141      000                        1421090106                              100106000000000400006500016000000000000270663101100106              0000000000000000000000000000000000000000000000004000000000000000000000000000001100106                         0000000000000000000000000                                             000055
102021974950001161584870000003760                             82050137144      000                        1421090106                              100106000000000400006500016000000000000270663101100106              0000000000000000000000000000000000000000000000004000000000000000000000000000001100106                         0000000000000000000000000                                             000056
102021974950001161584870000003760                             82050207142      000                        1421090106                              100106000000000400006500016000000000000270663101100106              0000000000000000000000000000000000000000000000004000000000000000000000000000001100106                         0000000000000000000000000                                             000057
102021974950001161584870000003760                             82050211140      000                        1421090106                              100106000000000400006500016000000000000270663101100106              0000000000000000000000000000000000000000000000004000000000000000000000000000001100106                         0000000000000000000000000                                             000058
102021974950001161584870000003760                             82050218144      000                        1421090106                              100106000000000400006500016000000000000270663101100106              0000000000000000000000000000000000000000000000004000000000000000000000000000001100106                         0000000000000000000000000                                             000059
102021974950001161584870000003760                             82050220149      000                        1421090106                              100106000000000400006500016000000000000270663101100106              0000000000000000000000000000000000000000000000004000000000000000000000000000001100106                         0000000000000000000000000                                             000060
102021974950001161584870000003760                             82050222141      000                        1421090106                              100106000000000400006500016000000000000270663101100106              0000000000000000000000000000000000000000000000004000000000000000000000000000001100106                         0000000000000000000000000                                             000061
102021974950001161584870000003760                             82050223148      000                        1421090106                              100106000000000400006500016000000000000270663101100106              0000000000000000000000000000000000000000000000004000000000000000000000000000001100106                         0000000000000000000000000                                             000062
102021974950001161584870000003760                             82050224144      000                        1421090106                              100106000000000400010412955000000000000125647101100106              0000000000000000000000000000000000000000000000004000000000000000000000000000001100106                         0000000000000000000000000                                             000063
102021974950001161584870000003760                             82050225140      000                        1421090106                              100106000000000400006500016000000000000270663101100106              0000000000000000000000000000000000000000000000004000000000000000000000000000001100106                         0000000000000000000000000                                             000064
102021974950001161584870000003760                             82050227143      000                        1421090106                              100106000000000400010412424000000000000125647101100106              0000000000000000000000000000000000000000000000004000000000000000000000000000001100106                         0000000000000000000000000                                             000065
102021974950001161584870000003760                             82050228140      000                        1421090106                              100106000000000400006500016000000000000270663101100106              0000000000000000000000000000000000000000000000004000000000000000000000000000001100106                         0000000000000000000000000                                             000066
102021974950001161584870000003760                             82050236142      000                        1421090106                              100106000000000400006500016000000000000270663101100106              0000000000000000000000000000000000000000000000004000000000000000000000000000001100106                         0000000000000000000000000                                             000067
102021974950001161584870000003760                             82050316146      000                        1421090106                              100106000000000860000116666000000000000270663101100106              0000000000000000000000000000000000000000000000008600000000000000000000000000001100106                         0000000000000000000000000                                             000068
102021974950001161584870000003760                             82050318149      000                        1421090106                              100106000000000860010427782000000000000125647101100106              0000000000000000000000000000000000000000000000008600000000000000000000000000001100106                         0000000000000000000000000                                             000069
102021974950001161584870000003760                             82050329140      000                        1421090106                              100106000000000860006500016000000000000270663101100106              0000000000000000000000000000000000000000000000008600000000000000000000000000001100106                         0000000000000000000000000                                             000070
102021974950001161584870000003760                             82050332141      000                        1421090106                              100106000000000860075641796000000000000270663101100106              0000000000000000000000000000000000000000000000008600000000000000000000000000001100106                         0000000000000000000000000                                             000071
102021974950001161584870000003760                             82050333148      000                        1421090106                              100106000000000860000116666000000000000270663101100106              0000000000000000000000000000000000000000000000008600000000000000000000000000001100106                         0000000000000000000000000                                             000072
102021974950001161584870000003760                             82050336147      000                        1421090106                              100106000000000860010410383000000000000125647101100106              0000000000000000000000000000000000000000000000008600000000000000000000000000001100106                         0000000000000000000000000                                             000073
102021974950001161584870000003760                             82060122158      000                        1421090106                              150106000000000860002410516000000000000270663101100106              0000000000000000000000000000000000000000000000008600000000000000000000000000001100106                         0000000000000000000000000                                             000074
102021974950001161584870000003760                             82060134156      000                        1421090106                              150106000000000860010430171000000000000125647101100106              0000000000000000000000000000000000000000000000008600000000000000000000000000001100106                         0000000000000000000000000                                             000075
102021974950001161584870000003760                             82060139158      000                        1421090106                              100106000000000860023702866000000000000270663101100106              0000000000000000000000000000000000000000000000008600000000000000000000000000001100106                         0000000000000000000000000                                             000076
102021974950001161584870000003760                             82070103148      000                        1421090106                              000000000000000860039928996000000000000270663101100106              0000000000000000000000000000000000000000000000008600000000000000000000000000001100106                         0000000000000000000000000                                             000077
102021974950001161584870000003760                             82070118145      000                        1421090106                              100106000000000860010400450000000000000125647101100106              0000000000000000000000000000000000000000000000008600000000000000000000000000001100106                         0000000000000000000000000                                             000078
102021974950001161584870000003760                             82070120140      000                        1421090106                              100106000000000860000142746000000000000270663101100106              0000000000000000000000000000000000000000000000008600000000000000000000000000001100106                         0000000000000000000000000                                             000079
102021974950001161584870000003760                             82070123149      000                        1421090106                              100106000000000860010410286000000000000125647101100106              0000000000000000000000000000000000000000000000008600000000000000000000000000001100106                         0000000000000000000000000                                             000080
102021974950001161584870000003760                             82070129147      000                        1421090106                              100106000000000860010410308000000000000125647101100106              0000000000000000000000000000000000000000000000008600000000000000000000000000001100106                         0000000000000000000000000                                             000081
102021974950001161584870000003760                             82070202146      000                        1421090106                              100106000000000860006500016000000000000270663101100106              0000000000000000000000000000000000000000000000008600000000000000000000000000001100106                         0000000000000000000000000                                             000082
102021974950001161584870000003760                             82070218140      000                        1421090106                              100106000000000860010412947000000000000125647101100106              0000000000000000000000000000000000000000000000008600000000000000000000000000001100106                         0000000000000000000000000                                             000083
102021974950001161584870000003760                             82070221140      000                        1421090106                              000000000000000860039928996000000000000270663101100106              0000000000000000000000000000000000000000000000008600000000000000000000000000001100106                         0000000000000000000000000                                             000084
102021974950001161584870000003760                             82070231146      000                        1421090106                              100106000000000860006500016000000000000270663101100106              0000000000000000000000000000000000000000000000008600000000000000000000000000001100106                         0000000000000000000000000                                             000085
102021974950001161584870000003760                             82070526138      000                        1421090106                              151205000000000860010415806000000000000125647101100106              0000000000000000000000000000000000000000000000008987000000000038700000000000001100106                         0000000000000000000000000                                             000086
102021974950001161584870000003760                             82090101140      000                        1421090106                              100106000000000750010400540000000000000125647101100106              0000000000000000000000000000000000000000000000007500000000000000000000000000001100106                         0000000000000000000000000                                             000087
102021974950001161584870000003760                             82090106142      000                        1421090106                              100106000000000750000123356000000000000270663101100106              0000000000000000000000000000000000000000000000007500000000000000000000000000001100106                         0000000000000000000000000                                             000088
102021974950001161584870000003760                             82090108145      000                        1421090106                              100106000000000750010400540000000000000125647101100106              0000000000000000000000000000000000000000000000007500000000000000000000000000001100106                         0000000000000000000000000                                             000089
102021974950001161584870000003760                             82090112142      000                        1421090106                              000000000000000750023717836000000000000270663101100106              0000000000000000000000000000000000000000000000007500000000000000000000000000001100106                         0000000000000000000000000                                             000090
102021974950001161584870000003760                             82090117144      000                        1421090106                              000000000000000750023717836000000000000270663101100106              0000000000000000000000000000000000000000000000007500000000000000000000000000001100106                         0000000000000000000000000                                             000091
102021974950001161584870000003760                             82090124140      000                        1421090106                              100106000000000750006500016000000000000270663101100106              0000000000000000000000000000000000000000000000007500000000000000000000000000001100106                         0000000000000000000000000                                             000092
102021974950001161584870000003760                             82090227144      000                        1421090106                              100106000000000750010400540000000000000125647101100106              0000000000000000000000000000000000000000000000007500000000000000000000000000001100106                         0000000000000000000000000                                             000093
102021974950001161584870000003760                             82090229147      000                        1421090106                              100106000000000750010412424000000000000125647101100106              0000000000000000000000000000000000000000000000007500000000000000000000000000001100106                         0000000000000000000000000                                             000094
102021974950001161584870000003760                             82090302146      000                        1421090106                              100106000000000750010407749000000000000125647101100106              0000000000000000000000000000000000000000000000007500000000000000000000000000001100106                         0000000000000000000000000                                             000095
102021974950001161584870000003760                             82090324140      000                        1421090106                              100106000000000750010407749000000000000125647101100106              0000000000000000000000000000000000000000000000007500000000000000000000000000001100106                         0000000000000000000000000                                             000096
102021974950001161584870000003760                             82090325146      000                        1421090106                              100106000000000750006500016000000000000270663101100106              0000000000000000000000000000000000000000000000007500000000000000000000000000001100106                         0000000000000000000000000                                             000097
102021974950001161584870000003760                             82090401144      000                        1421090106                              100106000000000750010400540000000000000125647101100106              0000000000000000000000000000000000000000000000007500000000000000000000000000001100106                         0000000000000000000000000                                             000098
102021974950001161584870000003760                             82090412146      000                        1421090106                              100106000000000750010412424000000000000125647101100106              0000000000000000000000000000000000000000000000007500000000000000000000000000001100106                         0000000000000000000000000                                             000099
102021974950001161584870000003760                             82090427143      000                        1421090106                              100106000000000750010412424000000000000125647101100106              0000000000000000000000000000000000000000000000007500000000000000000000000000001100106                         0000000000000000000000000                                             000100
102021974950001161584870000003760                             82090431140      000                        1421090106                              100106000000000750010400540000000000000125647101100106              0000000000000000000000000000000000000000000000007500000000000000000000000000001100106                         0000000000000000000000000                                             000101
102021974950001161584870000003760                             82090502145      000                        1421090106                              100106000000000375010408770000000000000125647101100106              0000000000000000000000000000000000000000000000003750000000000000000000000000001100106                         0000000000000000000000000                                             000102
102021974950001161584870000003760                             82090514135      000                        1421090106                              101205000000000375010408770000000000000240655100090106              0000000000000000000000000000000000000000000000004965000000000121500000000000001090106                         0000000000000000000000000                                             000103
102021974950001161584870000003760                             82090514143      000                        1421090106                              100106000000000375010408770000000000000240655100090106              0000000000000000000000000000000000000000000000003750000000000000000000000000001090106                         0000000000000000000000000                                             000104
102021974950001161584870000003760                             82090526133      000                        1421090106                              101205000000000750010408770000000000000125647101100106              0000000000000000000000000000000000000000000000007886000000000038600000000000001100106                         0000000000000000000000000                                             000105
102021974950001161584870000003760                             82090620148      000                        1421090106                              100106000000000375074500016000000000000270663101100106              0000000000000000000000000000000000000000000000003750000000000000000000000000001100106                         0000000000000000000000000                                             000106
102021974950001161584870000003760                             82090623147      000                        1421090106                              100106000000000375000126696000000000000270663101100106              0000000000000000000000000000000000000000000000003750000000000000000000000000001100106                         0000000000000000000000000                                             000107
102021974950001161584870000003760                             82090703140      000                        1421090106                              100106000000000750006500016000000000000270663101100106              0000000000000000000000000000000000000000000000007500000000000000000000000000001100106                         0000000000000000000000000                                             000108
102021974950001161584870000003760                             82090723141      000                        1421090106                              100106000000000750006500016000000000000270663101100106              0000000000000000000000000000000000000000000000007500000000000000000000000000001100106                         0000000000000000000000000                                             000109
102021974950001161584870000003760                             82090726140      000                        1421090106                              100106000000000750006500016000000000000270663101100106              0000000000000000000000000000000000000000000000007500000000000000000000000000001100106                         0000000000000000000000000                                             000110
102021974950001161584870000003760                             82090901147      000                        1421090106                              100106000000000750010408770000000000000125647101100106              0000000000000000000000000000000000000000000000007500000000000000000000000000001100106                         0000000000000000000000000                                             000111
102021974950001161584870000003760                             82090913145      000                        1421090106                              100106000000000750010408770000000000000125647101100106              0000000000000000000000000000000000000000000000007500000000000000000000000000001100106                         0000000000000000000000000                                             000112
102021974950001161584870000003760                             82090915148      000                        1421090106                              100106000000000750010408770000000000000125647204130106              0000000000000000000000000000000000000000000000007500000000000000000000000000001130106                         0000000000000000000000000                                             000113
102021974950001161584870000003760                             82090916144      000                        1421090106                              100106000000000750010408770000000000000125647101100106              0000000000000000000000000000000000000000000000007500000000000000000000000000001100106                         0000000000000000000000000                                             000114
102021974950001161584870000003760                             82090920133      000                        1421090106                              101205000000000375010412424000000000000125647101100106              0000000000000000000000000000000000000000000000003900000000000015000000000000001100106                         0000000000000000000000000                                             000115
102021974950001161584870000003760                             82090928142      000                        1421090106                              100106000000000375010408770000000000000125647101100106              0000000000000000000000000000000000000000000000003750000000000000000000000000001100106                         0000000000000000000000000                                             000116
102021974950001161584870000003760                             82090931143      000                        1421090106                              100106000000000375010412424000000000000125647101100106              0000000000000000000000000000000000000000000000003750000000000000000000000000001100106                         0000000000000000000000000                                             000117
102021974950001161584870000003760                             82091026142      000                        1421090106                              100106000000000375006500016000000000000270663101100106              0000000000000000000000000000000000000000000000003750000000000000000000000000001100106                         0000000000000000000000000                                             000118
102021974950001161584870000003760                             82091030140      000                        1421090106                              100106000000000375010408770000000000000125647101100106              0000000000000000000000000000000000000000000000003750000000000000000000000000001100106                         0000000000000000000000000                                             000119
102021974950001161584870000003760                             82091202145      000                        1421090106                              100106000000000750010400540000000000000125647101100106              0000000000000000000000000000000000000000000000007500000000000000000000000000001100106                         0000000000000000000000000                                             000120
102021974950001161584870000003760                             82110106134      000                        1421090106                              100106000000000750010407765000000000000125647101100106              0000000000000000000000000000000000000000000000007500000000000000000000000000001100106                         0000000000000000000000000                                             000121
102021974950001161584870000003760                             82110112134      000                        1421090106                              100106000000000750010407765000000000000125647101100106              0000000000000000000000000000000000000000000000007500000000000000000000000000001100106                         0000000000000000000000000                                             000122
102021974950001161584870000003760                             82110114137      000                        1421090106                              100106000000000750010407765000000000000125647101100106              0000000000000000000000000000000000000000000000007500000000000000000000000000001100106                         0000000000000000000000000                                             000123
102021974950001161584870000003760                             82110115133      000                        1421090106                              100106000000000750010407765000000000000125647101100106              0000000000000000000000000000000000000000000000007500000000000000000000000000001100106                         0000000000000000000000000                                             000124
102021974950001161584870000003760                             82110119120      000                        1421090106                              101205000000000750010407765000000000000125647101100106              0000000000000000000000000000000000000000000000007500000000000000000000000000001100106                         0000000000000000000000000                                             000125
102021974950001161584870000003760                             82110205132      000                        1421090106                              100106000000000450010407765000000000000125620101100106              0000000000000000000000000000000000000000000000004500000000000000000000000000001100106                         0000000000000000000000000                                             000126
102021974950001161584870000003760                             82110210136      000                        1421090106                              100106000000000450007347476000000000000270663101100106              0000000000000000000000000000000000000000000000004500000000000000000000000000001100106                         0000000000000000000000000                                             000127
102021974950001161584870000003760                             82110215138      000                        1421090106                              100106000000000450075641796000000000000270663101100106              0000000000000000000000000000000000000000000000004500000000000000000000000000001100106                         0000000000000000000000000                                             000128
102021974950001161584870000003760                             82110219133      000                        1421090106                              100106000000000450010407765000000000000125620101100106              0000000000000000000000000000000000000000000000004500000000000000000000000000001100106                         0000000000000000000000000                                             000129
102021974950001161584870000003760                             82110220131      000                        1421090106                              100106000000000450007347476000000000000270663101100106              0000000000000000000000000000000000000000000000004500000000000000000000000000001100106                         0000000000000000000000000                                             000130
102021974950001161584870000003760                             82110221138      000                        1421090106                              100106000000000450006500016000000000000270663101100106              0000000000000000000000000000000000000000000000004500000000000000000000000000001100106                         0000000000000000000000000                                             000131
102021974950001161584870000003760                             82110316139      000                        1421090106                              100106000000000860006500016000000000000270663101100106              0000000000000000000000000000000000000000000000008600000000000000000000000000001100106                         0000000000000000000000000                                             000132
102021974950001161584870000003760                             82110326134      000                        1421090106                              100106000000000860010407765000000000000125647101100106              0000000000000000000000000000000000000000000000008600000000000000000000000000001100106                         0000000000000000000000000                                             000133
102021974950001161584870000003760                             82110328137      000                        1421090106                              100106000000000860010407765000000000000125647204130106              0000000000000000000000000000000000000000000000008600000000000000000000000000001130106                         0000000000000000000000000                                             000134
102021974950001161584870000003760                             82110334129      000                        1421090106                              101205000000000860010407765000000000000125647101100106              0000000000000000000000000000000000000000000000008996000000000039600000000000001100106                         0000000000000000000000000                                             000135
102021974950001161584870000003760                             82120101143      000                        1421090106                              100106000000000650010421245000000000000125647101100106              0000000000000000000000000000000000000000000000006500000000000000000000000000001100106                         0000000000000000000000000                                             000136
102021974950001161584870000003760                             82120130143      000                        1421090106                              100106000000000650010421245000000000000125647101100106              0000000000000000000000000000000000000000000000006500000000000000000000000000001100106                         0000000000000000000000000                                             000137
102021974950001161584870000003760                             82130102150      000                        1421090106                              100106000000000860010409148000000000000125647101100106              0000000000000000000000000000000000000000000000008600000000000000000000000000001100106                         0000000000000000000000000                                             000138
102021974950001161584870000003760                             82130114159      000                        1421090106                              100106000000000860010409148000000000000125647101100106              0000000000000000000000000000000000000000000000008600000000000000000000000000001100106                         0000000000000000000000000                                             000139
102021974950001161584870000003760                             82130217152      000                        1421090106                              100106000000000860010409148000000000000125647101100106              0000000000000000000000000000000000000000000000008600000000000000000000000000001100106                         0000000000000000000000000                                             000140
102021974950001161584870000003760                             82130301153      000                        1421090106                              100106000000000860010409148000000000000125647101100106              0000000000000000000000000000000000000000000000008600000000000000000000000000001100106                         0000000000000000000000000                                             000141
102021974950001161584870000003760                             82130308158      000                        1421090106                              100106000000000860075641796000000000000270663101100106              0000000000000000000000000000000000000000000000008600000000000000000000000000001100106                         0000000000000000000000000                                             000142
102021974950001161584870000003760                             82130311159      000                        1421090106                              100106000000000860000109816000000000000270663101100106              0000000000000000000000000000000000000000000000008600000000000000000000000000001100106                         0000000000000000000000000                                             000143
102021974950001161584870000003760                             82130313151      000                        1421090106                              100106000000000860010409148000000000000125647101100106              0000000000000000000000000000000000000000000000008600000000000000000000000000001100106                         0000000000000000000000000                                             000144
102021974950001161584870000003760                             82130314158      000                        1421090106                              100106000000000860075641796000000000000270663101100106              0000000000000000000000000000000000000000000000008600000000000000000000000000001100106                         0000000000000000000000000                                             000145
102021974950001161584870000003760                             82130320158      000                        1421090106                              100106000000000860010409148000000000000125647101100106              0000000000000000000000000000000000000000000000008600000000000000000000000000001100106                         0000000000000000000000000                                             000146
102021974950001161584870000003760                             82130322150      000                        1421090106                              100106000000000860075641796000000000000270663101100106              0000000000000000000000000000000000000000000000008600000000000000000000000000001100106                         0000000000000000000000000                                             000147
9201104                                                                                                                                                                                                                                                                                                                                                                                                   000148
