02RETORNO01COBRANCA       1584870000003760    IPAD                          104C ECON FEDERAL 071206                                                                                                                                                                                                                                                                                                 00345000001
102021974950001161584870000003760                             82030404171      000                        1421071206                              101006000000000760010407757000000000000125647101081206              0000000000000000000000000000000000000000000000008123000000000052300000000000001081206                         0000000000000000000000000                                             000002
102021974950001161584870000003760                             82030504168      000                        1421071206                              151206000000000760007347476000000000000270663101081206              0000000000000000000000000000000000000000000000007600000000000000000000000000001081206                         0000000000000000000000000                                             000003
102021974950001161584870000003760                             82030514163      000                        1421071206                              151206000000000760010409156000000000000125620101081206              0000000000000000000000000000000000000000000000007600000000000000000000000000001081206                         0000000000000000000000000                                             000004
102021974950001161584870000003760                             82030517162      000                        1421071206                              151206000000000760010409148000000000000125620101081206              0000000000000000000000000000000000000000000000007600000000000000000000000000001081206                         0000000000000000000000000                                             000005
102021974950001161584870000003760                             82030703152      000                        1421071206                              101206000000000760010409148000000000000125647101081206              0000000000000000000000000000000000000000000000007600000000000000000000000000001081206                         0000000000000000000000000                                             000006
102021974950001161584870000003760                             82030705155      000                        1421071206                              101206000000000760010409148000000000000125647101081206              0000000000000000000000000000000000000000000000007600000000000000000000000000001081206                         0000000000000000000000000                                             000007
102021974950001161584870000003760                             82030912169      000                        1421071206                              101206000000000760074500016000000000000270663101081206              0000000000000000000000000000000000000000000000007600000000000000000000000000001081206                         0000000000000000000000000                                             000008
102021974950001161584870000003760                             82030932160      000                        1421071206                              101206000000000760000122296000000000000270663101081206              0000000000000000000000000000000000000000000000007600000000000000000000000000001081206                         0000000000000000000000000                                             000009
102021974950001161584870000003760                             82031115122      000                        1421071206                              101206000000000760010424465000000000000240655100071206              0000000000000000000000000000000000000000000000007600000000000000000000000000001071206                         0000000000000000000000000                                             000010
102021974950001161584870000003760                             82060402169      000                        1421071206                              000000000000000760034131756000000000000270663101081206              0000000000000000000000000000000000000000000000007600000000000000000000000000001081206                         0000000000000000000000000                                             000011
102021974950001161584870000003760                             82071209160      000                        1421071206                              101206000000000760010400493000000000000125647101081206              0000000000000000000000000000000000000000000000007600000000000000000000000000001081206                         0000000000000000000000000                                             000012
102021974950001161584870000003760                             82071223163      000                        1421071206                              101206000000000760010400450000000000000125647101081206              0000000000000000000000000000000000000000000000007600000000000000000000000000001081206                         0000000000000000000000000                                             000013
102021974950001161584870000003760                             82090301166      000                        1421071206                              301106000000000750010400540000000000000125647101081206              0000000000000000000000000000000000000000000000007699000000000019900000000000001081206                         0000000000000000000000000                                             000014
102021974950001161584870000003760                             82111018123      000                        1421071206                              111206000000000760010407765000000000000125647101081206              0000000000000000000000000000000000000000000000007600000000000000000000000000001081206                         0000000000000000000000000                                             000015
102021974950001161584870000003760                             82130424131      000                        1421071206                              101206000000000760006500016000000000000270663101081206              0000000000000000000000000000000000000000000000007600000000000000000000000000001081206                         0000000000000000000000000                                             000016
102021974950001161584870000003760                             82130431138      000                        1421071206                              101206000000000760010409148000000000000125647101081206              0000000000000000000000000000000000000000000000007600000000000000000000000000001081206                         0000000000000000000000000                                             000017
102021974950001161584870000003760                             82130436121      000                        1421071206                              101206000000000760010407765000000000000125647101081206              0000000000000000000000000000000000000000000000007600000000000000000000000000001081206                         0000000000000000000000000                                             000018
9201104                                                                                                                                                                                                                                                                                                                                                                                                   000019
