02RETORNO01COBRANCA       1584870000003760    IPAD                          104C ECON FEDERAL 101006                                                                                                                                                                                                                                                                                                 00306000001
102021974950001161584870000003760                             82010327155      000                        1421101006                              101006000000000660010409148000000000000125647101111006              0000000000000000000000000000000000000000000000006600000000000000000000000000001111006                         0000000000000000000000000                                             000002
102021974950001161584870000003760                             82030201157      000                        1421101006                              101006000000000760010409156000000000000125647101111006              0000000000000000000000000000000000000000000000007600000000000000000000000000001111006                         0000000000000000000000000                                             000003
102021974950001161584870000003760                             82030207155      000                        1421101006                              101006000000000760010409156000000000000125647101111006              0000000000000000000000000000000000000000000000007600000000000000000000000000001111006                         0000000000000000000000000                                             000004
102021974950001161584870000003760                             82030218157      000                        1421101006                              000000000000000760039928996000000000000270663101111006              0000000000000000000000000000000000000000000000007600000000000000000000000000001111006                         0000000000000000000000000                                             000005
102021974950001161584870000003760                             82030220151      000                        1421101006                              101006000000000760010409156000000000000125647101111006              0000000000000000000000000000000000000000000000007600000000000000000000000000001111006                         0000000000000000000000000                                             000006
102021974950001161584870000003760                             82030225153      000                        1421101006                              101006000000000760074822066000000000000270663101111006              0000000000000000000000000000000000000000000000007600000000000000000000000000001111006                         0000000000000000000000000                                             000007
102021974950001161584870000003760                             82030230157      000                        1421101006                              000000000000000760039928996000000000000270663101111006              0000000000000000000000000000000000000000000000007600000000000000000000000000001111006                         0000000000000000000000000                                             000008
102021974950001161584870000003760                             82030234152      000                        1421101006                              101006000000000760010409156000000000000125620101111006              0000000000000000000000000000000000000000000000007600000000000000000000000000001111006                         0000000000000000000000000                                             000009
102021974950001161584870000003760                             82030333169      000                        1421101006                              101006000000000860006500016000000000000270663101111006              0000000000000000000000000000000000000000000000008600000000000000000000000000001111006                         0000000000000000000000000                                             000010
102021974950001161584870000003760                             82030404155      000                        1421101006                              100806000000000760010407757000000000000125647101111006              0000000000000000000000000000000000000000000000008172000000000057200000000000001111006                         0000000000000000000000000                                             000011
102021974950001161584870000003760                             82030404163      000                        1421101006                              100906000000000760010407757000000000000125647101111006              0000000000000000000000000000000000000000000000007962000000000036200000000000001111006                         0000000000000000000000000                                             000012
102021974950001161584870000003760                             82030416170      000                        1421101006                              101006000000000760010407757000000000000125647101111006              0000000000000000000000000000000000000000000000007600000000000000000000000000001111006                         0000000000000000000000000                                             000013
102021974950001161584870000003760                             82030418172      000                        1421101006                              101006000000000760010407757000000000000125647101111006              0000000000000000000000000000000000000000000000007600000000000000000000000000001111006                         0000000000000000000000000                                             000014
102021974950001161584870000003760                             82030419179      000                        1421101006                              101006000000000760010407757000000000000125647101111006              0000000000000000000000000000000000000000000000007600000000000000000000000000001111006                         0000000000000000000000000                                             000015
102021974950001161584870000003760                             82030424172      000                        1421101006                              000000000000000760039928996000000000000270663101111006              0000000000000000000000000000000000000000000000007600000000000000000000000000001111006                         0000000000000000000000000                                             000016
102021974950001161584870000003760                             82030514147      000                        1421101006                              151006000000000760010409156000000000000125620101111006              0000000000000000000000000000000000000000000000007600000000000000000000000000001111006                         0000000000000000000000000                                             000017
102021974950001161584870000003760                             82030517146      000                        1421101006                              151006000000000760010409148000000000000125620101111006              0000000000000000000000000000000000000000000000007600000000000000000000000000001111006                         0000000000000000000000000                                             000018
102021974950001161584870000003760                             82030551140      000                        1421101006                              151006000000000760010409148000000000000125620101111006              0000000000000000000000000000000000000000000000007600000000000000000000000000001111006                         0000000000000000000000000                                             000019
102021974950001161584870000003760                             82030701133      000                        1421101006                              101006000000000760010409148000000000000125647101111006              0000000000000000000000000000000000000000000000007600000000000000000000000000001111006                         0000000000000000000000000                                             000020
102021974950001161584870000003760                             82030703136      000                        1421101006                              101006000000000760010409148000000000000125647101111006              0000000000000000000000000000000000000000000000007600000000000000000000000000001111006                         0000000000000000000000000                                             000021
102021974950001161584870000003760                             82030704132      000                        1421101006                              000000000000000760039928996000000000000270663101111006              0000000000000000000000000000000000000000000000007600000000000000000000000000001111006                         0000000000000000000000000                                             000022
102021974950001161584870000003760                             82030717137      000                        1421101006                              101006000000000760010409148000000000000125647101111006              0000000000000000000000000000000000000000000000007600000000000000000000000000001111006                         0000000000000000000000000                                             000023
102021974950001161584870000003760                             82030731130      000                        1421101006                              101006000000000760035610386000000000000270663101111006              0000000000000000000000000000000000000000000000007600000000000000000000000000001111006                         0000000000000000000000000                                             000024
102021974950001161584870000003760                             82030735127      000                        1421101006                              100906000000000760010409148000000000000125647101111006              0000000000000000000000000000000000000000000000007980000000000038000000000000001111006                         0000000000000000000000000                                             000025
102021974950001161584870000003760                             82030906142      000                        1421101006                              101006000000000760010407757000000000000125647101111006              0000000000000000000000000000000000000000000000007600000000000000000000000000001111006                         0000000000000000000000000                                             000026
102021974950001161584870000003760                             82030914145      000                        1421101006                              101006000000000760010407757000000000000125647101111006              0000000000000000000000000000000000000000000000007600000000000000000000000000001111006                         0000000000000000000000000                                             000027
102021974950001161584870000003760                             82030916148      000                        1421101006                              000000000000000760039928996000000000000270663101111006              0000000000000000000000000000000000000000000000007600000000000000000000000000001111006                         0000000000000000000000000                                             000028
102021974950001161584870000003760                             82030921141      000                        1421101006                              101006000000000760010407757000000000000125647101111006              0000000000000000000000000000000000000000000000007600000000000000000000000000001111006                         0000000000000000000000000                                             000029
102021974950001161584870000003760                             82030928146      000                        1421101006                              101006000000000760074500016000000000000270663101111006              0000000000000000000000000000000000000000000000007600000000000000000000000000001111006                         0000000000000000000000000                                             000030
102021974950001161584870000003760                             82060410145      000                        1421101006                              101006000000000760035601326000000000000270663101111006              0000000000000000000000000000000000000000000000007600000000000000000000000000001111006                         0000000000000000000000000                                             000031
102021974950001161584870000003760                             82060414140      000                        1421101006                              000000000000000760039928996000000000000270663101111006              0000000000000000000000000000000000000000000000007600000000000000000000000000001111006                         0000000000000000000000000                                             000032
102021974950001161584870000003760                             82060502147      000                        1421101006                              101006000000000760010409440000000000000125647101111006              0000000000000000000000000000000000000000000000007600000000000000000000000000001111006                         0000000000000000000000000                                             000033
102021974950001161584870000003760                             82060504140      000                        1421101006                              101006000000000760035601326000000000000270663101111006              0000000000000000000000000000000000000000000000007600000000000000000000000000001111006                         0000000000000000000000000                                             000034
102021974950001161584870000003760                             82060525147      000                        1421101006                              101006000000000760000103256000000000000270663101111006              0000000000000000000000000000000000000000000000007600000000000000000000000000001111006                         0000000000000000000000000                                             000035
102021974950001161584870000003760                             82060528146      000                        1421101006                              101006000000000760023732016000000000000270663101111006              0000000000000000000000000000000000000000000000007600000000000000000000000000001111006                         0000000000000000000000000                                             000036
102021974950001161584870000003760                             82060603172      000                        1421101006                              151006000000000750010412424000000000000125647101111006              0000000000000000000000000000000000000000000000007500000000000000000000000000001111006                         0000000000000000000000000                                             000037
102021974950001161584870000003760                             82060609170      000                        1421101006                              151006000000000750006500016000000000000270663101111006              0000000000000000000000000000000000000000000000007500000000000000000000000000001111006                         0000000000000000000000000                                             000038
102021974950001161584870000003760                             82060915140      000                        1421101006                              101006000000000760010400450000000000000125647101111006              0000000000000000000000000000000000000000000000007600000000000000000000000000001111006                         0000000000000000000000000                                             000039
102021974950001161584870000003760                             82070226134      000                        1421101006                              000000000000000860040976326000000000000270663101111006              0000000000000000000000000000000000000000000000008600000000000000000000000000001111006                         0000000000000000000000000                                             000040
102021974950001161584870000003760                             82070226142      000                        1421101006                              000000000000000860040976326000000000000270663101111006              0000000000000000000000000000000000000000000000008600000000000000000000000000001111006                         0000000000000000000000000                                             000041
102021974950001161584870000003760                             82070633163      000                        1421101006                              211006000000000760006500016000000000000270663101111006              0000000000000000000000000000000000000000000000007600000000000000000000000000001111006                         0000000000000000000000000                                             000042
102021974950001161584870000003760                             82070726137      000                        1421101006                              200906000000000760010405592000000000000125647101111006              0000000000000000000000000000000000000000000000007904000000000030400000000000001111006                         0000000000000000000000000                                             000043
102021974950001161584870000003760                             82071201143      000                        1421101006                              101006000000000760006500016000000000000270663101111006              0000000000000000000000000000000000000000000000007600000000000000000000000000001111006                         0000000000000000000000000                                             000044
102021974950001161584870000003760                             82071215144      000                        1421101006                              101006000000000760010400493000000000000125620101111006              0000000000000000000000000000000000000000000000007600000000000000000000000000001111006                         0000000000000000000000000                                             000045
102021974950001161584870000003760                             82071227142      000                        1421101006                              000000000000000760039928996000000000000270663101111006              0000000000000000000000000000000000000000000000007600000000000000000000000000001111006                         0000000000000000000000000                                             000046
102021974950001161584870000003760                             82071231140      000                        1421101006                              101006000000000760006500016000000000000270663101111006              0000000000000000000000000000000000000000000000007600000000000000000000000000001111006                         0000000000000000000000000                                             000047
102021974950001161584870000003760                             82071232146      000                        1421101006                              101006000000000760010400485000000000000125647101111006              0000000000000000000000000000000000000000000000007600000000000000000000000000001111006                         0000000000000000000000000                                             000048
102021974950001161584870000003760                             82090124175      000                        1421101006                              151006000000000750023717836000000000000270663101111006              0000000000000000000000000000000000000000000000007500000000000000000000000000001111006                         0000000000000000000000000                                             000049
102021974950001161584870000003760                             82090711178      000                        1421101006                              100906000000000750010408770000000000000125647101111006              0000000000000000000000000000000000000000000000007860000000000036000000000000001111006                         0000000000000000000000000                                             000050
102021974950001161584870000003760                             82130401115      000                        1421101006                              101006000000000760010409148000000000000125647101111006              0000000000000000000000000000000000000000000000007600000000000000000000000000001111006                         0000000000000000000000000                                             000051
102021974950001161584870000003760                             82130405110      000                        1421101006                              101006000000000760010409148000000000000125647101111006              0000000000000000000000000000000000000000000000007600000000000000000000000000001111006                         0000000000000000000000000                                             000052
102021974950001161584870000003760                             82130408110      000                        1421101006                              101006000000000760006500016000000000000270663101111006              0000000000000000000000000000000000000000000000007600000000000000000000000000001111006                         0000000000000000000000000                                             000053
102021974950001161584870000003760                             82130412117      000                        1421101006                              101006000000000760010409148000000000000125647101111006              0000000000000000000000000000000000000000000000007600000000000000000000000000001111006                         0000000000000000000000000                                             000054
102021974950001161584870000003760                             82130414110      000                        1421101006                              101006000000000760035611246000000000000270663101111006              0000000000000000000000000000000000000000000000007600000000000000000000000000001111006                         0000000000000000000000000                                             000055
102021974950001161584870000003760                             82130420110      000                        1421101006                              101006000000000760010409148000000000000125647101111006              0000000000000000000000000000000000000000000000007600000000000000000000000000001111006                         0000000000000000000000000                                             000056
102021974950001161584870000003760                             82130423119      000                        1421101006                              101006000000000760010409148000000000000125647101111006              0000000000000000000000000000000000000000000000007600000000000000000000000000001111006                         0000000000000000000000000                                             000057
102021974950001161584870000003760                             82130424115      000                        1421101006                              101006000000000760006500016000000000000270663101111006              0000000000000000000000000000000000000000000000007600000000000000000000000000001111006                         0000000000000000000000000                                             000058
102021974950001161584870000003760                             82130428110      000                        1421101006                              101006000000000760000102466000000000000270663101111006              0000000000000000000000000000000000000000000000007600000000000000000000000000001111006                         0000000000000000000000000                                             000059
102021974950001161584870000003760                             82130430115      000                        1421101006                              101006000000000760010409148000000000000125647101111006              0000000000000000000000000000000000000000000000007600000000000000000000000000001111006                         0000000000000000000000000                                             000060
9201104                                                                                                                                                                                                                                                                                                                                                                                                   000061
