02RETORNO01COBRANCA       1584870000003760    IPAD                          104C ECON FEDERAL 100706                                                                                                                                                                                                                                                                                                 00241000001
102021974950001161584870000003760                             82000046021      000                        1421100706                              000000000000000760010410286000000000000125647101110706              0000000000000000000000000000000000000000000000007600000000000000000000000000001110706                         0000000000000000000000000                                             000002
102021974950001161584870000003760                             82010228173      000                        1421100706                              100706000000007920000117546000000000000270663101110706              0000000000000000000000000000000000000000000000079200000000000000000000000000001110706                         0000000000000000000000000                                             000003
102021974950001161584870000003760                             82010303124      000                        1421100706                              100706000000000660010409148000000000000125647101110706              0000000000000000000000000000000000000000000000006600000000000000000000000000001110706                         0000000000000000000000000                                             000004
102021974950001161584870000003760                             82010307120      000                        1421100706                              100706000000000660006500016000000000000270663101110706              0000000000000000000000000000000000000000000000006600000000000000000000000000001110706                         0000000000000000000000000                                             000005
102021974950001161584870000003760                             82010327120      000                        1421100706                              100706000000000660010409148000000000000125647101110706              0000000000000000000000000000000000000000000000006600000000000000000000000000001110706                         0000000000000000000000000                                             000006
102021974950001161584870000003760                             82030201122      000                        1421100706                              100706000000000760010409156000000000000125647101110706              0000000000000000000000000000000000000000000000007600000000000000000000000000001110706                         0000000000000000000000000                                             000007
102021974950001161584870000003760                             82030202129      000                        1421100706                              100706000000000760010409156000000000000125647101110706              0000000000000000000000000000000000000000000000007600000000000000000000000000001110706                         0000000000000000000000000                                             000008
102021974950001161584870000003760                             82030203125      000                        1421100706                              100706000000000760010409156000000000000125647101110706              0000000000000000000000000000000000000000000000007600000000000000000000000000001110706                         0000000000000000000000000                                             000009
102021974950001161584870000003760                             82030210121      000                        1421100706                              100706000000000760035610466000000000000270663101110706              0000000000000000000000000000000000000000000000007600000000000000000000000000001110706                         0000000000000000000000000                                             000010
102021974950001161584870000003760                             82030211128      000                        1421100706                              100706000000000760010409156000000000000125647101110706              0000000000000000000000000000000000000000000000007600000000000000000000000000001110706                         0000000000000000000000000                                             000011
102021974950001161584870000003760                             82030221123      000                        1421100706                              100706000000000760010424465000000000000125647101110706              0000000000000000000000000000000000000000000000007600000000000000000000000000001110706                         0000000000000000000000000                                             000012
102021974950001161584870000003760                             82030223126      000                        1421100706                              100706000000000760010409156000000000000125647101110706              0000000000000000000000000000000000000000000000007600000000000000000000000000001110706                         0000000000000000000000000                                             000013
102021974950001161584870000003760                             82030225129      000                        1421100706                              100706000000000760074822066000000000000270663101110706              0000000000000000000000000000000000000000000000007600000000000000000000000000001110706                         0000000000000000000000000                                             000014
102021974950001161584870000003760                             82030231129      000                        1421100706                              100706000000000760010409156000000000000125647101110706              0000000000000000000000000000000000000000000000007600000000000000000000000000001110706                         0000000000000000000000000                                             000015
102021974950001161584870000003760                             82030233121      000                        1421100706                              100706000000000760010409156000000000000125647101110706              0000000000000000000000000000000000000000000000007600000000000000000000000000001110706                         0000000000000000000000000                                             000016
102021974950001161584870000003760                             82030234128      000                        1421100706                              100706000000000760010409156000000000000240655100100706              0000000000000000000000000000000000000000000000007600000000000000000000000000001100706                         0000000000000000000000000                                             000017
102021974950001161584870000003760                             82030410147      000                        1421100706                              100706000000000760010407757000000000000125647101110706              0000000000000000000000000000000000000000000000007600000000000000000000000000001110706                         0000000000000000000000000                                             000018
102021974950001161584870000003760                             82030416145      000                        1421100706                              100706000000000760010407757000000000000125647101110706              0000000000000000000000000000000000000000000000007600000000000000000000000000001110706                         0000000000000000000000000                                             000019
102021974950001161584870000003760                             82030418148      000                        1421100706                              100706000000000760010407757000000000000125647101110706              0000000000000000000000000000000000000000000000007600000000000000000000000000001110706                         0000000000000000000000000                                             000020
102021974950001161584870000003760                             82030419144      000                        1421100706                              100706000000000760010407757000000000000125647101110706              0000000000000000000000000000000000000000000000007600000000000000000000000000001110706                         0000000000000000000000000                                             000021
102021974950001161584870000003760                             82030421149      000                        1421100706                              100706000000000760010407757000000000000125647101110706              0000000000000000000000000000000000000000000000007600000000000000000000000000001110706                         0000000000000000000000000                                             000022
102021974950001161584870000003760                             82030423176      000                        1421100706                              101006000000000760006500016000000000000270663101110706              0000000000000000000000000000000000000000000000007600000000000000000000000000001110706                         0000000000000000000000000                                             000023
102021974950001161584870000003760                             82030424148      000                        1421100706                              100706000000000760010407757000000000000125647101110706              0000000000000000000000000000000000000000000000007600000000000000000000000000001110706                         0000000000000000000000000                                             000024
102021974950001161584870000003760                             82030427147      000                        1421100706                              100706000000000760010407757000000000000125647101110706              0000000000000000000000000000000000000000000000007600000000000000000000000000001110706                         0000000000000000000000000                                             000025
102021974950001161584870000003760                             82030429140      000                        1421100706                              100706000000000760010407757000000000000125647101110706              0000000000000000000000000000000000000000000000007600000000000000000000000000001110706                         0000000000000000000000000                                             000026
102021974950001161584870000003760                             82030431144      000                        1421100706                              100706000000000760006500016000000000000270663101110706              0000000000000000000000000000000000000000000000007600000000000000000000000000001110706                         0000000000000000000000000                                             000027
102021974950001161584870000003760                             82030502114      000                        1421100706                              150706000000000760010409156000000000000125620101110706              0000000000000000000000000000000000000000000000007600000000000000000000000000001110706                         0000000000000000000000000                                             000028
102021974950001161584870000003760                             82030510117      000                        1421100706                              150706000000000760010409156000000000000125620101110706              0000000000000000000000000000000000000000000000007600000000000000000000000000001110706                         0000000000000000000000000                                             000029
102021974950001161584870000003760                             82030517111      000                        1421100706                              150706000000000760010409148000000000000125620101110706              0000000000000000000000000000000000000000000000007600000000000000000000000000001110706                         0000000000000000000000000                                             000030
102021974950001161584870000003760                             82030519114      000                        1421100706                              150706000000000760007347476000000000000270663101110706              0000000000000000000000000000000000000000000000007600000000000000000000000000001110706                         0000000000000000000000000                                             000031
102021974950001161584870000003760                             82030547118      000                        1421100706                              150706000000000760010409148000000000000125620101110706              0000000000000000000000000000000000000000000000007600000000000000000000000000001110706                         0000000000000000000000000                                             000032
102021974950001161584870000003760                             82030552111      000                        1421100706                              150706000000000760023730526000000000000270663101110706              0000000000000000000000000000000000000000000000007600000000000000000000000000001110706                         0000000000000000000000000                                             000033
102021974950001161584870000003760                             82030803114      000                        1421100706                              100706000000000760010409156000000000000125647101110706              0000000000000000000000000000000000000000000000007600000000000000000000000000001110706                         0000000000000000000000000                                             000034
102021974950001161584870000003760                             82030804110      000                        1421100706                              100706000000000760000121566000000000000270663101110706              0000000000000000000000000000000000000000000000007600000000000000000000000000001110706                         0000000000000000000000000                                             000035
102021974950001161584870000003760                             82030809112      000                        1421100706                              000000000000000760039928996000000000000270663101110706              0000000000000000000000000000000000000000000000007600000000000000000000000000001110706                         0000000000000000000000000                                             000036
102021974950001161584870000003760                             82030817115      000                        1421100706                              100706000000000760006500016000000000000270663101110706              0000000000000000000000000000000000000000000000007600000000000000000000000000001110706                         0000000000000000000000000                                             000037
102021974950001161584870000003760                             82030819118      000                        1421100706                              100706000000000760000121566000000000000270663101110706              0000000000000000000000000000000000000000000000007600000000000000000000000000001110706                         0000000000000000000000000                                             000038
102021974950001161584870000003760                             82030823115      000                        1421100706                              100706000000000760006500016000000000000270663101110706              0000000000000000000000000000000000000000000000007600000000000000000000000000001110706                         0000000000000000000000000                                             000039
102021974950001161584870000003760                             82030827110      000                        1421100706                              100706000000000760007347476000000000000270663101110706              0000000000000000000000000000000000000000000000007600000000000000000000000000001110706                         0000000000000000000000000                                             000040
102021974950001161584870000003760                             82030829113      000                        1421100706                              000000000000000760039928996000000000000270663101110706              0000000000000000000000000000000000000000000000007600000000000000000000000000001110706                         0000000000000000000000000                                             000041
102021974950001161584870000003760                             82030831118      000                        1421100706                              100706000000000760010409156000000000000125647101110706              0000000000000000000000000000000000000000000000007600000000000000000000000000001110706                         0000000000000000000000000                                             000042
102021974950001161584870000003760                             82030836110      000                        1421100706                              100706000000000760010409156000000000000125647101110706              0000000000000000000000000000000000000000000000007600000000000000000000000000001110706                         0000000000000000000000000                                             000043
102021974950001161584870000003760                             82030901116      000                        1421100706                              100706000000000760023732156000000000000270663101110706              0000000000000000000000000000000000000000000000007600000000000000000000000000001110706                         0000000000000000000000000                                             000044
102021974950001161584870000003760                             82030907114      000                        1421100706                              100706000000000760010407757000000000000125647101110706              0000000000000000000000000000000000000000000000007600000000000000000000000000001110706                         0000000000000000000000000                                             000045
102021974950001161584870000003760                             82030907122      000                        1421100706                              100806000000000760010407757000000000000125647101110706              0000000000000000000000000000000000000000000000007600000000000000000000000000001110706                         0000000000000000000000000                                             000046
102021974950001161584870000003760                             82030909117      000                        1421100706                              100706000000000760074500016000000000000270663101110706              0000000000000000000000000000000000000000000000007600000000000000000000000000001110706                         0000000000000000000000000                                             000047
102021974950001161584870000003760                             82030910115      000                        1421100706                              100706000000000760010407757000000000000125647101110706              0000000000000000000000000000000000000000000000007600000000000000000000000000001110706                         0000000000000000000000000                                             000048
102021974950001161584870000003760                             82030912177      000                        1421100706                              100107000000000760074500016000000000000270663101110706              0000000000000000000000000000000000000000000000007600000000000000000000000000001110706                         0000000000000000000000000                                             000049
102021974950001161584870000003760                             82030915117      000                        1421100706                              100706000000000760074500016000000000000270663101110706              0000000000000000000000000000000000000000000000007600000000000000000000000000001110706                         0000000000000000000000000                                             000050
102021974950001161584870000003760                             82030917110      000                        1421100706                              100706000000000760074500016000000000000270663101110706              0000000000000000000000000000000000000000000000007600000000000000000000000000001110706                         0000000000000000000000000                                             000051
102021974950001161584870000003760                             82030921117      000                        1421100706                              100706000000000760010407757000000000000125647101110706              0000000000000000000000000000000000000000000000007600000000000000000000000000001110706                         0000000000000000000000000                                             000052
102021974950001161584870000003760                             82030923110      000                        1421100706                              100706000000000760074500016000000000000270663101110706              0000000000000000000000000000000000000000000000007600000000000000000000000000001110706                         0000000000000000000000000                                             000053
102021974950001161584870000003760                             82030926119      000                        1421100706                              100706000000000760000122296000000000000270663101110706              0000000000000000000000000000000000000000000000007600000000000000000000000000001110706                         0000000000000000000000000                                             000054
102021974950001161584870000003760                             82030927115      000                        1421100706                              100706000000000760010407757000000000000125647101110706              0000000000000000000000000000000000000000000000007600000000000000000000000000001110706                         0000000000000000000000000                                             000055
102021974950001161584870000003760                             82040641133      000                        1421100706                              100706000000006020000122446000000000000270663101110706              0000000000000000000000000000000000000000000000060200000000000000000000000000001110706                         0000000000000000000000000                                             000056
102021974950001161584870000003760                             82060407110      000                        1421100706                              100706000000000760075641796000000000000270663101110706              0000000000000000000000000000000000000000000000007600000000000000000000000000001110706                         0000000000000000000000000                                             000057
102021974950001161584870000003760                             82060408116      000                        1421100706                              100706000000000760010430171000000000000240655100100706              0000000000000000000000000000000000000000000000007600000000000000000000000000001100706                         0000000000000000000000000                                             000058
102021974950001161584870000003760                             82060409112      000                        1421100706                              100706000000000760006500016000000000000270663101110706              0000000000000000000000000000000000000000000000007600000000000000000000000000001110706                         0000000000000000000000000                                             000059
102021974950001161584870000003760                             82060411117      000                        1421100706                              100706000000000760075641796000000000000270663101110706              0000000000000000000000000000000000000000000000007600000000000000000000000000001110706                         0000000000000000000000000                                             000060
102021974950001161584870000003760                             82060412113      000                        1421100706                              100706000000000760006500016000000000000270663101110706              0000000000000000000000000000000000000000000000007600000000000000000000000000001110706                         0000000000000000000000000                                             000061
102021974950001161584870000003760                             82060413110      000                        1421100706                              100706000000000760010410308000000000000125647101110706              0000000000000000000000000000000000000000000000007600000000000000000000000000001110706                         0000000000000000000000000                                             000062
102021974950001161584870000003760                             82060414116      000                        1421100706                              100706000000000760010430171000000000000125647101110706              0000000000000000000000000000000000000000000000007600000000000000000000000000001110706                         0000000000000000000000000                                             000063
102021974950001161584870000003760                             82060417115      000                        1421100706                              100706000000000760010430171000000000000125647101110706              0000000000000000000000000000000000000000000000007600000000000000000000000000001110706                         0000000000000000000000000                                             000064
102021974950001161584870000003760                             82060528111      000                        1421100706                              100706000000000760000123656000000000000270663101110706              0000000000000000000000000000000000000000000000007600000000000000000000000000001110706                         0000000000000000000000000                                             000065
102021974950001161584870000003760                             82060609146      000                        1421100706                              150706000000000750074500016000000000000270663101110706              0000000000000000000000000000000000000000000000007500000000000000000000000000001110706                         0000000000000000000000000                                             000066
102021974950001161584870000003760                             82060622142      000                        1421100706                              150706000000000750010412424000000000000125647101110706              0000000000000000000000000000000000000000000000007500000000000000000000000000001110706                         0000000000000000000000000                                             000067
102021974950001161584870000003760                             82060709140      000                        1421100706                              150706000000000860075641796000000000000270663101110706              0000000000000000000000000000000000000000000000008600000000000000000000000000001110706                         0000000000000000000000000                                             000068
102021974950001161584870000003760                             82060925110      000                        1421100706                              100706000000000760075641796000000000000270663101110706              0000000000000000000000000000000000000000000000007600000000000000000000000000001110706                         0000000000000000000000000                                             000069
102021974950001161584870000003760                             82071216116      000                        1421100706                              100706000000000760075641796000000000000270663101110706              0000000000000000000000000000000000000000000000007600000000000000000000000000001110706                         0000000000000000000000000                                             000070
102021974950001161584870000003760                             82071220113      000                        1421100706                              100706000000000760010415830000000000000125647101110706              0000000000000000000000000000000000000000000000007600000000000000000000000000001110706                         0000000000000000000000000                                             000071
102021974950001161584870000003760                             82071222116      000                        1421100706                              100706000000000760006500016000000000000270663101110706              0000000000000000000000000000000000000000000000007600000000000000000000000000001110706                         0000000000000000000000000                                             000072
102021974950001161584870000003760                             82071224119      000                        1421100706                              100706000000000760010400485000000000000125647101110706              0000000000000000000000000000000000000000000000007600000000000000000000000000001110706                         0000000000000000000000000                                             000073
102021974950001161584870000003760                             82071225115      000                        1421100706                              100706000000000760075641796000000000000270663101110706              0000000000000000000000000000000000000000000000007600000000000000000000000000001110706                         0000000000000000000000000                                             000074
102021974950001161584870000003760                             82071227118      000                        1421100706                              100706000000000760010410308000000000000125647101110706              0000000000000000000000000000000000000000000000007600000000000000000000000000001110706                         0000000000000000000000000                                             000075
102021974950001161584870000003760                             82071232111      000                        1421100706                              100706000000000760010400485000000000000125647101110706              0000000000000000000000000000000000000000000000007600000000000000000000000000001110706                         0000000000000000000000000                                             000076
102021974950001161584870000003760                             82090232172      000                        1421100706                              300506000000000750010412424000000000000125647101110706              0000000000000000000000000000000000000000000000007960000000000046000000000000001110706                         0000000000000000000000000                                             000077
102021974950001161584870000003760                             82110314110      000                        1421100706                              100706000000000860006500016000000000000270663101110706              0000000000000000000000000000000000000000000000008600000000000000000000000000001110706                         0000000000000000000000000                                             000078
102021974950001161584870000003760                             82110316171      000                        1421100706                              100706000000000860010407765000000000000125647101110706              0000000000000000000000000000000000000000000000008600000000000000000000000000001110706                         0000000000000000000000000                                             000079
9201104                                                                                                                                                                                                                                                                                                                                                                                                   000080
