02RETORNO01COBRANCA       1584870000003760    IPAD                          104C ECON FEDERAL 100107                                                                                                                                                                                                                                                                                                 00366000001
102021974950001161584870000003760                             82010102137      000                        1421100107                              100107000000000375010414338000000000000240655100100107              0000000000000000000000000000000000000000000000003750000000000000000000000000001100107                         0000000000000000000000000                                             000002
102021974950001161584870000003760                             82010102153      000                        1421100107                              100107000000000375010414338000000000000240655100100107              0000000000000000000000000000000000000000000000003750000000000000000000000000001100107                         0000000000000000000000000                                             000003
102021974950001161584870000003760                             82010102170      000                        1421100107                              100107000000000375010414338000000000000240655100100107              0000000000000000000000000000000000000000000000003750000000000000000000000000001100107                         0000000000000000000000000                                             000004
102021974950001161584870000003760                             82010310171      000                        1421100107                              101206000000000660010409148000000000000125647101110107              0000000000000000000000000000000000000000000000006755000000000015500000000000001110107                         0000000000000000000000000                                             000005
102021974950001161584870000003760                             82030322167      000                        1421100107                              100107000000000860010409156000000000000125647101110107              0000000000000000000000000000000000000000000000008600000000000000000000000000001110107                         0000000000000000000000000                                             000006
102021974950001161584870000003760                             82030705163      000                        1421100107                              100107000000000760010409148000000000000125647101110107              0000000000000000000000000000000000000000000000007600000000000000000000000000001110107                         0000000000000000000000000                                             000007
102021974950001161584870000003760                             82030707166      000                        1421100107                              100107000000000760010409148000000000000125620101110107              0000000000000000000000000000000000000000000000007600000000000000000000000000001110107                         0000000000000000000000000                                             000008
102021974950001161584870000003760                             82030718150      000                        1421100107                              101206000000000760010409148000000000000125647101110107              0000000000000000000000000000000000000000000000007980000000000038000000000000001110107                         0000000000000000000000000                                             000009
102021974950001161584870000003760                             82030722157      000                        1421100107                              101206000000000760010409148000000000000125647101110107              0000000000000000000000000000000000000000000000007980000000000038000000000000001110107                         0000000000000000000000000                                             000010
102021974950001161584870000003760                             82030727167      000                        1421100107                              100107000000000760039928996000000000000270663101110107              0000000000000000000000000000000000000000000000007600000000000000000000000000001110107                         0000000000000000000000000                                             000011
102021974950001161584870000003760                             82030728163      000                        1421100107                              100107000000000760039928996000000000000270663101110107              0000000000000000000000000000000000000000000000007600000000000000000000000000001110107                         0000000000000000000000000                                             000012
102021974950001161584870000003760                             82030731164      000                        1421100107                              100107000000000760035610386000000000000270663101110107              0000000000000000000000000000000000000000000000007600000000000000000000000000001110107                         0000000000000000000000000                                             000013
102021974950001161584870000003760                             82030734155      000                        1421100107                              101206000000000760010409148000000000000125647101110107              0000000000000000000000000000000000000000000000007980000000000038000000000000001110107                         0000000000000000000000000                                             000014
102021974950001161584870000003760                             82030734163      000                        1421100107                              100107000000000760010409148000000000000125647101110107              0000000000000000000000000000000000000000000000007600000000000000000000000000001110107                         0000000000000000000000000                                             000015
102021974950001161584870000003760                             82030906177      000                        1421100107                              100107000000000760010407757000000000000125647101110107              0000000000000000000000000000000000000000000000007600000000000000000000000000001110107                         0000000000000000000000000                                             000016
102021974950001161584870000003760                             82030921176      000                        1421100107                              100107000000000760010407757000000000000125647101110107              0000000000000000000000000000000000000000000000007600000000000000000000000000001110107                         0000000000000000000000000                                             000017
102021974950001161584870000003760                             82031102136      000                        1421100107                              100107000000000760010424465000000000000240655100100107              0000000000000000000000000000000000000000000000007600000000000000000000000000001100107                         0000000000000000000000000                                             000018
102021974950001161584870000003760                             82031104139      000                        1421100107                              100107000000000760010424465000000000000125647101110107              0000000000000000000000000000000000000000000000007600000000000000000000000000001110107                         0000000000000000000000000                                             000019
102021974950001161584870000003760                             82031121130      000                        1421100107                              100107000000000760010424465000000000000125647101110107              0000000000000000000000000000000000000000000000007600000000000000000000000000001110107                         0000000000000000000000000                                             000020
102021974950001161584870000003760                             82031122137      000                        1421100107                              100107000000000760010424465000000000000125647101110107              0000000000000000000000000000000000000000000000007600000000000000000000000000001110107                         0000000000000000000000000                                             000021
102021974950001161584870000003760                             82060515176      000                        1421100107                              100107000000000760010409172000000000000125647101110107              0000000000000000000000000000000000000000000000007600000000000000000000000000001110107                         0000000000000000000000000                                             000022
102021974950001161584870000003760                             82060527174      000                        1421100107                              100107000000000760039928996000000000000270663101110107              0000000000000000000000000000000000000000000000007600000000000000000000000000001110107                         0000000000000000000000000                                             000023
102021974950001161584870000003760                             82060912175      000                        1421100107                              100107000000000760010410316000000000000125647101110107              0000000000000000000000000000000000000000000000007600000000000000000000000000001110107                         0000000000000000000000000                                             000024
102021974950001161584870000003760                             82060925170      000                        1421100107                              100107000000000760040909276000000000000270663101110107              0000000000000000000000000000000000000000000000007600000000000000000000000000001110107                         0000000000000000000000000                                             000025
102021974950001161584870000003760                             82071219174      000                        1421100107                              100107000000000760000128056000000000000270663101110107              0000000000000000000000000000000000000000000000007600000000000000000000000000001110107                         0000000000000000000000000                                             000026
102021974950001161584870000003760                             82071303132      000                        1421100107                              100107000000000760010421245000000000000125647101110107              0000000000000000000000000000000000000000000000007600000000000000000000000000001110107                         0000000000000000000000000                                             000027
102021974950001161584870000003760                             82071305135      000                        1421100107                              100107000000000760023721166000000000000270663101110107              0000000000000000000000000000000000000000000000007600000000000000000000000000001110107                         0000000000000000000000000                                             000028
102021974950001161584870000003760                             82071306131      000                        1421100107                              100107000000000760039928996000000000000270663101110107              0000000000000000000000000000000000000000000000007600000000000000000000000000001110107                         0000000000000000000000000                                             000029
102021974950001161584870000003760                             82071318130      000                        1421100107                              100107000000000760010421245000000000000125647101110107              0000000000000000000000000000000000000000000000007600000000000000000000000000001110107                         0000000000000000000000000                                             000030
102021974950001161584870000003760                             82071323133      000                        1421100107                              100107000000000760010421245000000000000125647101110107              0000000000000000000000000000000000000000000000007600000000000000000000000000001110107                         0000000000000000000000000                                             000031
102021974950001161584870000003760                             82071419130      000                        1421100107                              100107000000000760039928996000000000000270663101110107              0000000000000000000000000000000000000000000000007600000000000000000000000000001110107                         0000000000000000000000000                                             000032
102021974950001161584870000003760                             82071421135      000                        1421100107                              100107000000000760010421245000000000000125647101110107              0000000000000000000000000000000000000000000000007600000000000000000000000000001110107                         0000000000000000000000000                                             000033
102021974950001161584870000003760                             82111002138      000                        1421100107                              110107000000000760010407765000000000000125647101110107              0000000000000000000000000000000000000000000000007600000000000000000000000000001110107                         0000000000000000000000000                                             000034
102021974950001161584870000003760                             82130405145      000                        1421100107                              100107000000000760006500016000000000000270663101110107              0000000000000000000000000000000000000000000000007600000000000000000000000000001110107                         0000000000000000000000000                                             000035
102021974950001161584870000003760                             82130409140      000                        1421100107                              100107000000000760010409148000000000000125647101110107              0000000000000000000000000000000000000000000000007600000000000000000000000000001110107                         0000000000000000000000000                                             000036
102021974950001161584870000003760                             82130420144      000                        1421100107                              100107000000000760007347476000000000000270663101110107              0000000000000000000000000000000000000000000000007600000000000000000000000000001110107                         0000000000000000000000000                                             000037
102021974950001161584870000003760                             82130427149      000                        1421100107                              100107000000000760010409148000000000000125647101110107              0000000000000000000000000000000000000000000000007600000000000000000000000000001110107                         0000000000000000000000000                                             000038
102021974950001161584870000003760                             82130429141      000                        1421100107                              100107000000000760010409148000000000000125647101110107              0000000000000000000000000000000000000000000000007600000000000000000000000000001110107                         0000000000000000000000000                                             000039
9201104                                                                                                                                                                                                                                                                                                                                                                                                   000040
