02RETORNO01COBRANCA       1584870000003760    IPAD                          104C ECON FEDERAL 080906                                                                                                                                                                                                                                                                                                 00284000001
102021974950001161584870000003760                             82000043570      000                        1421080906                              000000000000000760010409148000000000000125647101110906              0000000000000000000000000000000000000000000000007600000000000000000000000000001110906                         0000000000000000000000000                                             000002
102021974950001161584870000003760                             82000048504      000                        1421080906                              000000000000000760000141966000000000000270663101110906              0000000000000000000000000000000000000000000000007600000000000000000000000000001110906                         0000000000000000000000000                                             000003
102021974950001161584870000003760                             82010303140      000                        1421080906                              100906000000000660006500016000000000000270663101110906              0000000000000000000000000000000000000000000000006600000000000000000000000000001110906                         0000000000000000000000000                                             000004
102021974950001161584870000003760                             82010307146      000                        1421080906                              100906000000000660006500016000000000000270663101110906              0000000000000000000000000000000000000000000000006600000000000000000000000000001110906                         0000000000000000000000000                                             000005
102021974950001161584870000003760                             82010317141      000                        1421080906                              100906000000000660006500016000000000000270663101110906              0000000000000000000000000000000000000000000000006600000000000000000000000000001110906                         0000000000000000000000000                                             000006
102021974950001161584870000003760                             82010323141      000                        1421080906                              100906000000000660007347476000000000000270663101110906              0000000000000000000000000000000000000000000000006600000000000000000000000000001110906                         0000000000000000000000000                                             000007
102021974950001161584870000003760                             82030201149      000                        1421080906                              100906000000000760010409156000000000000125647101110906              0000000000000000000000000000000000000000000000007600000000000000000000000000001110906                         0000000000000000000000000                                             000008
102021974950001161584870000003760                             82030202145      000                        1421080906                              100906000000000760010409156000000000000125647101110906              0000000000000000000000000000000000000000000000007600000000000000000000000000001110906                         0000000000000000000000000                                             000009
102021974950001161584870000003760                             82030233148      000                        1421080906                              100906000000000760010409156000000000000125647101110906              0000000000000000000000000000000000000000000000007600000000000000000000000000001110906                         0000000000000000000000000                                             000010
102021974950001161584870000003760                             82030303138      000                        1421080906                              300506000000000860010409156000000000000125647101110906              0000000000000000000000000000000000000000000000009572000000000097200000000000001110906                         0000000000000000000000000                                             000011
102021974950001161584870000003760                             82030319166      000                        1421080906                              300806000000000860010409156000000000000125647101110906              0000000000000000000000000000000000000000000000008844000000000024400000000000001110906                         0000000000000000000000000                                             000012
102021974950001161584870000003760                             82030334157      000                        1421080906                              100906000000000860010409156000000000000125647101110906              0000000000000000000000000000000000000000000000008600000000000000000000000000001110906                         0000000000000000000000000                                             000013
102021974950001161584870000003760                             82030416161      000                        1421080906                              100906000000000760010407757000000000000125647101110906              0000000000000000000000000000000000000000000000007600000000000000000000000000001110906                         0000000000000000000000000                                             000014
102021974950001161584870000003760                             82030424164      000                        1421080906                              100906000000000760023732106000000000000270663101110906              0000000000000000000000000000000000000000000000007600000000000000000000000000001110906                         0000000000000000000000000                                             000015
102021974950001161584870000003760                             82030426159      000                        1421080906                              100806000000000760010407757000000000000125647101110906              0000000000000000000000000000000000000000000000007781000000000018100000000000001110906                         0000000000000000000000000                                             000016
102021974950001161584870000003760                             82030431160      000                        1421080906                              100906000000000760006500016000000000000270663101110906              0000000000000000000000000000000000000000000000007600000000000000000000000000001110906                         0000000000000000000000000                                             000017
102021974950001161584870000003760                             82030701125      000                        1421080906                              100906000000000760010409148000000000000125647101110906              0000000000000000000000000000000000000000000000007600000000000000000000000000001110906                         0000000000000000000000000                                             000018
102021974950001161584870000003760                             82030705120      000                        1421080906                              100906000000000760010409148000000000000125647101110906              0000000000000000000000000000000000000000000000007600000000000000000000000000001110906                         0000000000000000000000000                                             000019
102021974950001161584870000003760                             82030729127      000                        1421080906                              100906000000000760010409148000000000000125647101110906              0000000000000000000000000000000000000000000000007600000000000000000000000000001110906                         0000000000000000000000000                                             000020
102021974950001161584870000003760                             82030901132      000                        1421080906                              100906000000000760035610666000000000000270663101110906              0000000000000000000000000000000000000000000000007600000000000000000000000000001110906                         0000000000000000000000000                                             000021
102021974950001161584870000003760                             82030912134      000                        1421080906                              100906000000000760074500016000000000000270663101110906              0000000000000000000000000000000000000000000000007600000000000000000000000000001110906                         0000000000000000000000000                                             000022
102021974950001161584870000003760                             82030914137      000                        1421080906                              100906000000000760010407757000000000000125647101110906              0000000000000000000000000000000000000000000000007600000000000000000000000000001110906                         0000000000000000000000000                                             000023
102021974950001161584870000003760                             82030920137      000                        1421080906                              100906000000000760010407757000000000000125647101110906              0000000000000000000000000000000000000000000000007600000000000000000000000000001110906                         0000000000000000000000000                                             000024
102021974950001161584870000003760                             82030924132      000                        1421080906                              100906000000000760000122296000000000000270663101110906              0000000000000000000000000000000000000000000000007600000000000000000000000000001110906                         0000000000000000000000000                                             000025
102021974950001161584870000003760                             82060402134      000                        1421080906                              100906000000000760034131756000000000000270663101110906              0000000000000000000000000000000000000000000000007600000000000000000000000000001110906                         0000000000000000000000000                                             000026
102021974950001161584870000003760                             82060411133      000                        1421080906                              000000000000000760039928996000000000000270663101110906              0000000000000000000000000000000000000000000000007600000000000000000000000000001110906                         0000000000000000000000000                                             000027
102021974950001161584870000003760                             82060510131      000                        1421080906                              100906000000000760006500016000000000000270663101110906              0000000000000000000000000000000000000000000000007600000000000000000000000000001110906                         0000000000000000000000000                                             000028
102021974950001161584870000003760                             82060630137      000                        1421080906                              150706000000000750010400531000000000000125647101110906              0000000000000000000000000000000000000000000000008090000000000059000000000000001110906                         0000000000000000000000000                                             000029
102021974950001161584870000003760                             82060717160      000                        1421080906                              150906000000000860006500016000000000000270663101110906              0000000000000000000000000000000000000000000000008600000000000000000000000000001110906                         0000000000000000000000000                                             000030
102021974950001161584870000003760                             82060902137      000                        1421080906                              000000000000000760040971256000000000000270663101110906              0000000000000000000000000000000000000000000000007600000000000000000000000000001110906                         0000000000000000000000000                                             000031
102021974950001161584870000003760                             82060915131      000                        1421080906                              100906000000000760010410286000000000000125647101110906              0000000000000000000000000000000000000000000000007600000000000000000000000000001110906                         0000000000000000000000000                                             000032
102021974950001161584870000003760                             82060916138      000                        1421080906                              100906000000000760010412947000000000000125647101110906              0000000000000000000000000000000000000000000000007600000000000000000000000000001110906                         0000000000000000000000000                                             000033
102021974950001161584870000003760                             82060921131      000                        1421080906                              100906000000000760010409237000000000000125647101110906              0000000000000000000000000000000000000000000000007600000000000000000000000000001110906                         0000000000000000000000000                                             000034
102021974950001161584870000003760                             82070408178      000                        1421080906                              300806000000000860010410308000000000000125647101110906              0000000000000000000000000000000000000000000000008849000000000024900000000000001110906                         0000000000000000000000000                                             000035
102021974950001161584870000003760                             82070628151      000                        1421080906                              210906000000000760006500016000000000000270663101110906              0000000000000000000000000000000000000000000000007600000000000000000000000000001110906                         0000000000000000000000000                                             000036
102021974950001161584870000003760                             82070704133      000                        1421080906                              200906000000000760006500016000000000000270663101110906              0000000000000000000000000000000000000000000000007600000000000000000000000000001110906                         0000000000000000000000000                                             000037
102021974950001161584870000003760                             82070710133      000                        1421080906                              200906000000000760006500016000000000000270663101110906              0000000000000000000000000000000000000000000000007600000000000000000000000000001110906                         0000000000000000000000000                                             000038
102021974950001161584870000003760                             82070724126      000                        1421080906                              200806000000000760010415806000000000000125647101110906              0000000000000000000000000000000000000000000000007885000000000028500000000000001110906                         0000000000000000000000000                                             000039
102021974950001161584870000003760                             82071219131      000                        1421080906                              100906000000000760000128056000000000000270663101110906              0000000000000000000000000000000000000000000000007600000000000000000000000000001110906                         0000000000000000000000000                                             000040
102021974950001161584870000003760                             82071229137      000                        1421080906                              100906000000000760010400450000000000000125647101110906              0000000000000000000000000000000000000000000000007600000000000000000000000000001110906                         0000000000000000000000000                                             000041
102021974950001161584870000003760                             82090218170      000                        1421080906                              200806000000000750010400540000000000000125647101110906              0000000000000000000000000000000000000000000000007792000000000029200000000000001110906                         0000000000000000000000000                                             000042
102021974950001161584870000003760                             82110838151      000                        1421080906                              200806000000000750010407765000000000000125647101110906              0000000000000000000000000000000000000000000000007764000000000026400000000000001110906                         0000000000000000000000000                                             000043
9201104                                                                                                                                                                                                                                                                                                                                                                                                   000044
