02RETORNO01COBRANCA       1584870000003760    IPAD                          104C ECON FEDERAL 110107                                                                                                                                                                                                                                                                                                 00367000001
102021974950001161584870000003760                             82000050371      000                        1421110107                              000000000000000800010409156000000000000125647101120107              0000000000000000000000000000000000000000000000008000000000000000000000000000001120107                         0000000000000000000000000                                             000002
102021974950001161584870000003760                             82030543171      000                        1421110107                              150107000000000760010409148000000000000125620101120107              0000000000000000000000000000000000000000000000007600000000000000000000000000001120107                         0000000000000000000000000                                             000003
102021974950001161584870000003760                             82030703160      000                        1421110107                              100107000000000760010409148000000000000125647101120107              0000000000000000000000000000000000000000000000007600000000000000000000000000001120107                         0000000000000000000000000                                             000004
102021974950001161584870000003760                             82030703179      000                        1421110107                              100207000000000760010409148000000000000125647101120107              0000000000000000000000000000000000000000000000007600000000000000000000000000001120107                         0000000000000000000000000                                             000005
102021974950001161584870000003760                             82030711163      000                        1421110107                              100107000000000760010409148000000000000125647101120107              0000000000000000000000000000000000000000000000007600000000000000000000000000001120107                         0000000000000000000000000                                             000006
102021974950001161584870000003760                             82030717161      000                        1421110107                              100107000000000760010409148000000000000125647101120107              0000000000000000000000000000000000000000000000007753000000000015300000000000001120107                         0000000000000000000000000                                             000007
102021974950001161584870000003760                             82030919171      000                        1421110107                              100107000000000760010407757000000000000125647101120107              0000000000000000000000000000000000000000000000007828000000000022800000000000001120107                         0000000000000000000000000                                             000008
102021974950001161584870000003760                             82030920170      000                        1421110107                              100107000000000760010407757000000000000125647101120107              0000000000000000000000000000000000000000000000007760000000000016000000000000001120107                         0000000000000000000000000                                             000009
102021974950001161584870000003760                             82030922130      000                        1421110107                              100906000000000760010407757000000000000240655100110107              0000000000000000000000000000000000000000000000008121000000000052100000000000001110107                         0000000000000000000000000                                             000010
102021974950001161584870000003760                             82031105135      000                        1421110107                              100107000000000760010424465000000000000125647101120107              0000000000000000000000000000000000000000000000007759000000000015900000000000001120107                         0000000000000000000000000                                             000011
102021974950001161584870000003760                             82031128135      000                        1421110107                              100107000000000760010409156000000000000240655100110107              0000000000000000000000000000000000000000000000007753000000000015300000000000001110107                         0000000000000000000000000                                             000012
102021974950001161584870000003760                             82060504166      000                        1421110107                              101206000000000760010409172000000000000125647101120107              0000000000000000000000000000000000000000000000007995000000000039500000000000001120107                         0000000000000000000000000                                             000013
102021974950001161584870000003760                             82060504174      000                        1421110107                              100107000000000760010409172000000000000125647101120107              0000000000000000000000000000000000000000000000007759000000000015900000000000001120107                         0000000000000000000000000                                             000014
102021974950001161584870000003760                             82070601113      000                        1421110107                              301206000000000760010405592000000000000125647101120107              0000000000000000000000000000000000000000000000007843000000000024300000000000001120107                         0000000000000000000000000                                             000015
102021974950001161584870000003760                             82070601172      000                        1421110107                              100107000000000760010405592000000000000125647101120107              0000000000000000000000000000000000000000000000007759000000000015900000000000001120107                         0000000000000000000000000                                             000016
102021974950001161584870000003760                             82070703170      000                        1421110107                              200107000000000760006500016000000000000270663101120107              0000000000000000000000000000000000000000000000007600000000000000000000000000001120107                         0000000000000000000000000                                             000017
102021974950001161584870000003760                             82071220164      000                        1421110107                              101206000000000760010400450000000000000240655100110107              0000000000000000000000000000000000000000000000007995000000000039500000000000001110107                         0000000000000000000000000                                             000018
102021974950001161584870000003760                             82071313120      000                        1421110107                              101206000000000760010421245000000000000125647101120107              0000000000000000000000000000000000000000000000007757000000000015700000000000001120107                         0000000000000000000000000                                             000019
102021974950001161584870000003760                             82071317117      000                        1421110107                              101106000000000760010421245000000000000125647101120107              0000000000000000000000000000000000000000000000007757000000000015700000000000001120107                         0000000000000000000000000                                             000020
102021974950001161584870000003760                             82071317125      000                        1421110107                              101206000000000760010421245000000000000125647101120107              0000000000000000000000000000000000000000000000007757000000000015700000000000001120107                         0000000000000000000000000                                             000021
9201104                                                                                                                                                                                                                                                                                                                                                                                                   000022
