02RETORNO01COBRANCA       1584870000003760    IPAD                          104C ECON FEDERAL 110906                                                                                                                                                                                                                                                                                                 00285000001
102021974950001161584870000003760                             82010327147      000                        1421110906                              100906000000000660010409148000000000000125647101120906              0000000000000000000000000000000000000000000000006600000000000000000000000000001120906                         0000000000000000000000000                                             000002
102021974950001161584870000003760                             82030203141      000                        1421110906                              100906000000000760010409156000000000000125647101120906              0000000000000000000000000000000000000000000000007600000000000000000000000000001120906                         0000000000000000000000000                                             000003
102021974950001161584870000003760                             82030205144      000                        1421110906                              100906000000000760010409156000000000000125647101120906              0000000000000000000000000000000000000000000000007600000000000000000000000000001120906                         0000000000000000000000000                                             000004
102021974950001161584870000003760                             82030207147      000                        1421110906                              100906000000000760010409156000000000000125647101120906              0000000000000000000000000000000000000000000000007600000000000000000000000000001120906                         0000000000000000000000000                                             000005
102021974950001161584870000003760                             82030211144      000                        1421110906                              100906000000000760006500016000000000000270663101120906              0000000000000000000000000000000000000000000000007600000000000000000000000000001120906                         0000000000000000000000000                                             000006
102021974950001161584870000003760                             82030212140      000                        1421110906                              100906000000000760010409156000000000000125647101120906              0000000000000000000000000000000000000000000000007600000000000000000000000000001120906                         0000000000000000000000000                                             000007
102021974950001161584870000003760                             82030220143      000                        1421110906                              100906000000000760010409156000000000000125647101120906              0000000000000000000000000000000000000000000000007600000000000000000000000000001120906                         0000000000000000000000000                                             000008
102021974950001161584870000003760                             82030223142      000                        1421110906                              100906000000000760010409156000000000000125647101120906              0000000000000000000000000000000000000000000000007600000000000000000000000000001120906                         0000000000000000000000000                                             000009
102021974950001161584870000003760                             82030227130      000                        1421110906                              100806000000000760010409156000000000000125647101120906              0000000000000000000000000000000000000000000000007980000000000038000000000000001120906                         0000000000000000000000000                                             000010
102021974950001161584870000003760                             82030227148      000                        1421110906                              100906000000000760010409156000000000000125647101120906              0000000000000000000000000000000000000000000000007600000000000000000000000000001120906                         0000000000000000000000000                                             000011
102021974950001161584870000003760                             82030333150      000                        1421110906                              100906000000000860006500016000000000000270663101120906              0000000000000000000000000000000000000000000000008600000000000000000000000000001120906                         0000000000000000000000000                                             000012
102021974950001161584870000003760                             82030410163      000                        1421110906                              100906000000000760010407757000000000000125647101120906              0000000000000000000000000000000000000000000000007600000000000000000000000000001120906                         0000000000000000000000000                                             000013
102021974950001161584870000003760                             82030411160      000                        1421110906                              100906000000000760010407757000000000000125647101120906              0000000000000000000000000000000000000000000000007600000000000000000000000000001120906                         0000000000000000000000000                                             000014
102021974950001161584870000003760                             82030418164      000                        1421110906                              100906000000000760010407757000000000000125647101120906              0000000000000000000000000000000000000000000000007600000000000000000000000000001120906                         0000000000000000000000000                                             000015
102021974950001161584870000003760                             82030419160      000                        1421110906                              100906000000000760010407757000000000000125647101120906              0000000000000000000000000000000000000000000000007600000000000000000000000000001120906                         0000000000000000000000000                                             000016
102021974950001161584870000003760                             82030423168      000                        1421110906                              100906000000000760006500016000000000000270663101120906              0000000000000000000000000000000000000000000000007600000000000000000000000000001120906                         0000000000000000000000000                                             000017
102021974950001161584870000003760                             82030502130      000                        1421110906                              150906000000000760010409156000000000000125620101120906              0000000000000000000000000000000000000000000000007600000000000000000000000000001120906                         0000000000000000000000000                                             000018
102021974950001161584870000003760                             82030507132      000                        1421110906                              150906000000000760010409148000000000000125620101120906              0000000000000000000000000000000000000000000000007600000000000000000000000000001120906                         0000000000000000000000000                                             000019
102021974950001161584870000003760                             82030517138      000                        1421110906                              150906000000000760010409148000000000000125620101120906              0000000000000000000000000000000000000000000000007600000000000000000000000000001120906                         0000000000000000000000000                                             000020
102021974950001161584870000003760                             82030540121      000                        1421110906                              150806000000000760010409156000000000000125647101120906              0000000000000000000000000000000000000000000000009804000000000220400000000000001120906                         0000000000000000000000000                                             000021
102021974950001161584870000003760                             82030540130      000                        1421110906                              150906000000000760010409156000000000000125647101120906              0000000000000000000000000000000000000000000000007600000000000000000000000000001120906                         0000000000000000000000000                                             000022
102021974950001161584870000003760                             82030543139      000                        1421110906                              150906000000000760010409148000000000000125620101120906              0000000000000000000000000000000000000000000000007600000000000000000000000000001120906                         0000000000000000000000000                                             000023
102021974950001161584870000003760                             82030546138      000                        1421110906                              150906000000000760006500016000000000000270663101120906              0000000000000000000000000000000000000000000000007600000000000000000000000000001120906                         0000000000000000000000000                                             000024
102021974950001161584870000003760                             82030549129      000                        1421110906                              150806000000000760010409148000000000000125647101120906              0000000000000000000000000000000000000000000000007948000000000034800000000000001120906                         0000000000000000000000000                                             000025
102021974950001161584870000003760                             82030552138      000                        1421110906                              150906000000000760006500016000000000000270663101120906              0000000000000000000000000000000000000000000000007600000000000000000000000000001120906                         0000000000000000000000000                                             000026
102021974950001161584870000003760                             82030710124      000                        1421110906                              100906000000000760010409148000000000000125647101120906              0000000000000000000000000000000000000000000000007600000000000000000000000000001120906                         0000000000000000000000000                                             000027
102021974950001161584870000003760                             82030718125      000                        1421110906                              100906000000000760010409148000000000000125647101120906              0000000000000000000000000000000000000000000000007600000000000000000000000000001120906                         0000000000000000000000000                                             000028
102021974950001161584870000003760                             82030719121      000                        1421110906                              000000000000000760039928996000000000000270663101120906              0000000000000000000000000000000000000000000000007600000000000000000000000000001120906                         0000000000000000000000000                                             000029
102021974950001161584870000003760                             82030722122      000                        1421110906                              100906000000000760075641796000000000000270663101120906              0000000000000000000000000000000000000000000000007600000000000000000000000000001120906                         0000000000000000000000000                                             000030
102021974950001161584870000003760                             82030725121      000                        1421110906                              100906000000000760075641796000000000000270663101120906              0000000000000000000000000000000000000000000000007600000000000000000000000000001120906                         0000000000000000000000000                                             000031
102021974950001161584870000003760                             82030727124      000                        1421110906                              000000000000000760039928996000000000000270663101120906              0000000000000000000000000000000000000000000000007600000000000000000000000000001120906                         0000000000000000000000000                                             000032
102021974950001161584870000003760                             82030728120      000                        1421110906                              100906000000000760075641796000000000000270663101120906              0000000000000000000000000000000000000000000000007600000000000000000000000000001120906                         0000000000000000000000000                                             000033
102021974950001161584870000003760                             82030730125      000                        1421110906                              100906000000000760075641796000000000000270663101120906              0000000000000000000000000000000000000000000000007600000000000000000000000000001120906                         0000000000000000000000000                                             000034
102021974950001161584870000003760                             82030731121      000                        1421110906                              100906000000000760035610386000000000000270663101120906              0000000000000000000000000000000000000000000000007600000000000000000000000000001120906                         0000000000000000000000000                                             000035
102021974950001161584870000003760                             82030732128      000                        1421110906                              100906000000000760007347476000000000000270663101120906              0000000000000000000000000000000000000000000000007600000000000000000000000000001120906                         0000000000000000000000000                                             000036
102021974950001161584870000003760                             82030734120      000                        1421110906                              100906000000000760010409148000000000000125647101120906              0000000000000000000000000000000000000000000000007600000000000000000000000000001120906                         0000000000000000000000000                                             000037
102021974950001161584870000003760                             82030911138      000                        1421110906                              100906000000000760010407757000000000000125647101120906              0000000000000000000000000000000000000000000000007600000000000000000000000000001120906                         0000000000000000000000000                                             000038
102021974950001161584870000003760                             82030913130      000                        1421110906                              100906000000000760007347476000000000000270663101120906              0000000000000000000000000000000000000000000000007600000000000000000000000000001120906                         0000000000000000000000000                                             000039
102021974950001161584870000003760                             82030916130      000                        1421110906                              100906000000000760010407757000000000000125647101120906              0000000000000000000000000000000000000000000000007600000000000000000000000000001120906                         0000000000000000000000000                                             000040
102021974950001161584870000003760                             82030917136      000                        1421110906                              100906000000000760010407757000000000000125647101120906              0000000000000000000000000000000000000000000000007600000000000000000000000000001120906                         0000000000000000000000000                                             000041
102021974950001161584870000003760                             82030919139      000                        1421110906                              100906000000000760010407757000000000000125647101120906              0000000000000000000000000000000000000000000000007600000000000000000000000000001120906                         0000000000000000000000000                                             000042
102021974950001161584870000003760                             82030921133      000                        1421110906                              100906000000000760010407757000000000000125647101120906              0000000000000000000000000000000000000000000000007600000000000000000000000000001120906                         0000000000000000000000000                                             000043
102021974950001161584870000003760                             82030925139      000                        1421110906                              100906000000000760074500016000000000000270663101120906              0000000000000000000000000000000000000000000000007600000000000000000000000000001120906                         0000000000000000000000000                                             000044
102021974950001161584870000003760                             82030928138      000                        1421110906                              100906000000000760010407757000000000000125647101120906              0000000000000000000000000000000000000000000000007600000000000000000000000000001120906                         0000000000000000000000000                                             000045
102021974950001161584870000003760                             82060406130      000                        1421110906                              100906000000000760010400469000000000000125647101120906              0000000000000000000000000000000000000000000000007600000000000000000000000000001120906                         0000000000000000000000000                                             000046
102021974950001161584870000003760                             82060408132      000                        1421110906                              100906000000000760010430171000000000000240655100110906              0000000000000000000000000000000000000000000000007600000000000000000000000000001110906                         0000000000000000000000000                                             000047
102021974950001161584870000003760                             82060409139      000                        1421110906                              100906000000000760006500016000000000000270663101120906              0000000000000000000000000000000000000000000000007600000000000000000000000000001120906                         0000000000000000000000000                                             000048
102021974950001161584870000003760                             82060412130      000                        1421110906                              100906000000000760006500016000000000000270663101120906              0000000000000000000000000000000000000000000000007600000000000000000000000000001120906                         0000000000000000000000000                                             000049
102021974950001161584870000003760                             82060414132      000                        1421110906                              100906000000000760023719046000000000000270663101120906              0000000000000000000000000000000000000000000000007600000000000000000000000000001120906                         0000000000000000000000000                                             000050
102021974950001161584870000003760                             82060418138      000                        1421110906                              100906000000000760010430171000000000000240655100110906              0000000000000000000000000000000000000000000000007600000000000000000000000000001110906                         0000000000000000000000000                                             000051
102021974950001161584870000003760                             82060502139      000                        1421110906                              100906000000000760010409440000000000000125647101120906              0000000000000000000000000000000000000000000000007600000000000000000000000000001120906                         0000000000000000000000000                                             000052
102021974950001161584870000003760                             82060519120      000                        1421110906                              100806000000000760010400450000000000000240655100110906              0000000000000000000000000000000000000000000000007755000000000015500000000000001110906                         0000000000000000000000000                                             000053
102021974950001161584870000003760                             82060528138      000                        1421110906                              100906000000000760023732016000000000000270663101120906              0000000000000000000000000000000000000000000000007600000000000000000000000000001120906                         0000000000000000000000000                                             000054
102021974950001161584870000003760                             82060529126      000                        1421110906                              100806000000000760010410308000000000000125647101120906              0000000000000000000000000000000000000000000000007995000000000039500000000000001120906                         0000000000000000000000000                                             000055
102021974950001161584870000003760                             82060611167      000                        1421110906                              150906000000000750006500016000000000000270663101120906              0000000000000000000000000000000000000000000000007500000000000000000000000000001120906                         0000000000000000000000000                                             000056
102021974950001161584870000003760                             82060613151      000                        1421110906                              150806000000000750010412424000000000000125647101120906              0000000000000000000000000000000000000000000000007839000000000033900000000000001120906                         0000000000000000000000000                                             000057
102021974950001161584870000003760                             82060904130      000                        1421110906                              100906000000000760010406513000000000000125647101120906              0000000000000000000000000000000000000000000000007600000000000000000000000000001120906                         0000000000000000000000000                                             000058
102021974950001161584870000003760                             82060908135      000                        1421110906                              100906000000000760006500016000000000000270663101120906              0000000000000000000000000000000000000000000000007600000000000000000000000000001120906                         0000000000000000000000000                                             000059
102021974950001161584870000003760                             82060909140      000                        1421110906                              101006000000000760075641796000000000000270663101120906              0000000000000000000000000000000000000000000000007600000000000000000000000000001120906                         0000000000000000000000000                                             000060
102021974950001161584870000003760                             82060910130      000                        1421110906                              100906000000000760010400477000000000000125620101120906              0000000000000000000000000000000000000000000000007600000000000000000000000000001120906                         0000000000000000000000000                                             000061
102021974950001161584870000003760                             82060913139      000                        1421110906                              100906000000000760010412947000000000000125647101120906              0000000000000000000000000000000000000000000000007600000000000000000000000000001120906                         0000000000000000000000000                                             000062
102021974950001161584870000003760                             82060918130      000                        1421110906                              100906000000000760010408672000000000000125647101120906              0000000000000000000000000000000000000000000000007600000000000000000000000000001120906                         0000000000000000000000000                                             000063
102021974950001161584870000003760                             82060925137      000                        1421110906                              110906000000000760075641796000000000000270663101120906              0000000000000000000000000000000000000000000000007600000000000000000000000000001120906                         0000000000000000000000000                                             000064
102021974950001161584870000003760                             82060928128      000                        1421110906                              100906000000000760010400485000000000000125647101120906              0000000000000000000000000000000000000000000000007600000000000000000000000000001120906                         0000000000000000000000000                                             000065
102021974950001161584870000003760                             82070604147      000                        1421110906                              210806000000000760010405592000000000000125647101120906              0000000000000000000000000000000000000000000000007896000000000029600000000000001120906                         0000000000000000000000000                                             000066
102021974950001161584870000003760                             82071209136      000                        1421110906                              100906000000000760010400493000000000000125647101120906              0000000000000000000000000000000000000000000000007600000000000000000000000000001120906                         0000000000000000000000000                                             000067
102021974950001161584870000003760                             82071210126      000                        1421110906                              100806000000000760010400450000000000000125647101120906              0000000000000000000000000000000000000000000000007995000000000039500000000000001120906                         0000000000000000000000000                                             000068
102021974950001161584870000003760                             82071215136      000                        1421110906                              100906000000000760010410308000000000000125647101120906              0000000000000000000000000000000000000000000000007600000000000000000000000000001120906                         0000000000000000000000000                                             000069
102021974950001161584870000003760                             82071224135      000                        1421110906                              100906000000000760010400485000000000000125647101120906              0000000000000000000000000000000000000000000000007600000000000000000000000000001120906                         0000000000000000000000000                                             000070
102021974950001161584870000003760                             82071227134      000                        1421110906                              100906000000000760010400485000000000000125647101120906              0000000000000000000000000000000000000000000000007600000000000000000000000000001120906                         0000000000000000000000000                                             000071
102021974950001161584870000003760                             82071232138      000                        1421110906                              100906000000000760010400485000000000000125647101120906              0000000000000000000000000000000000000000000000007600000000000000000000000000001120906                         0000000000000000000000000                                             000072
102021974950001161584870000003760                             82110815151      000                        1421110906                              200806000000000750010407765000000000000125647101120906              0000000000000000000000000000000000000000000000007800000000000030000000000000001120906                         0000000000000000000000000                                             000073
9201104                                                                                                                                                                                                                                                                                                                                                                                                   000074
