02RETORNO01COBRANCA       1584870000003760    IPAD                          104C ECON FEDERAL 071205                                                                                                                                                                                                                                                                                                 00095000001
102021974950001161584870000003760                             82040108133      000                        1421071205                              101205000000000430010400523000000000000125647101081205              0000000000000000000000000000000000000000000000004300000000000000000000000000001081205                         0000000000000000000000000                                             000002
102021974950001161584870000003760                             82040117132      000                        1421071205                              101205000000000430000110126000000000000270663101081205              0000000000000000000000000000000000000000000000004300000000000000000000000000001081205                         0000000000000000000000000                                             000003
102021974950001161584870000003760                             82040118139      000                        1421071205                              101205000000000430010400523000000000000125647101081205              0000000000000000000000000000000000000000000000004300000000000000000000000000001081205                         0000000000000000000000000                                             000004
102021974950001161584870000003760                             82040119135      000                        1421071205                              101205000000000430075641796000000000000270663101081205              0000000000000000000000000000000000000000000000004300000000000000000000000000001081205                         0000000000000000000000000                                             000005
102021974950001161584870000003760                             82040126131      000                        1421071205                              101205000000000860006500016000000000000270663101081205              0000000000000000000000000000000000000000000000008600000000000000000000000000001081205                         0000000000000000000000000                                             000006
102021974950001161584870000003760                             82040133138      000                        1421071205                              101205000000000860023732106000000000000270663101081205              0000000000000000000000000000000000000000000000008600000000000000000000000000001081205                         0000000000000000000000000                                             000007
102021974950001161584870000003760                             82040201133      000                        1421071205                              101205000000000430010400523000000000000125647101081205              0000000000000000000000000000000000000000000000004300000000000000000000000000001081205                         0000000000000000000000000                                             000008
102021974950001161584870000003760                             82040223137      000                        1421071205                              101205000000000430010400523000000000000125647101081205              0000000000000000000000000000000000000000000000004300000000000000000000000000001081205                         0000000000000000000000000                                             000009
102021974950001161584870000003760                             82040234139      000                        1421071205                              101205000000000430010400523000000000000125647101081205              0000000000000000000000000000000000000000000000004300000000000000000000000000001081205                         0000000000000000000000000                                             000010
102021974950001161584870000003760                             82040237138      000                        1421071205                              101205000000000860010400523000000000000125647101081205              0000000000000000000000000000000000000000000000008600000000000000000000000000001081205                         0000000000000000000000000                                             000011
102021974950001161584870000003760                             82040313136      000                        1421071205                              151205000000000360010400523000000000000125647101081205              0000000000000000000000000000000000000000000000003600000000000000000000000000001081205                         0000000000000000000000000                                             000012
102021974950001161584870000003760                             82040314132      000                        1421071205                              151205000000000360010400523000000000000125647101081205              0000000000000000000000000000000000000000000000003600000000000000000000000000001081205                         0000000000000000000000000                                             000013
102021974950001161584870000003760                             82040326130      000                        1421071205                              151205000000000360006500016000000000000270663101081205              0000000000000000000000000000000000000000000000003600000000000000000000000000001081205                         0000000000000000000000000                                             000014
102021974950001161584870000003760                             82040417136      000                        1421071205                              000000000000000860039928996000000000000270663101081205              0000000000000000000000000000000000000000000000008600000000000000000000000000001081205                         0000000000000000000000000                                             000015
102021974950001161584870000003760                             82040515138      000                        1421071205                              101205000000000860010400523000000000000125647101081205              0000000000000000000000000000000000000000000000008600000000000000000000000000001081205                         0000000000000000000000000                                             000016
102021974950001161584870000003760                             82040526130      000                        1421071205                              000000000000000860039928996000000000000270663101081205              0000000000000000000000000000000000000000000000008600000000000000000000000000001081205                         0000000000000000000000000                                             000017
102021974950001161584870000003760                             82050102138      000                        1421071205                              101205000000000400010400531000000000000125647101081205              0000000000000000000000000000000000000000000000004000000000000000000000000000001081205                         0000000000000000000000000                                             000018
102021974950001161584870000003760                             82050104130      000                        1421071205                              101205000000000400006500016000000000000270663101081205              0000000000000000000000000000000000000000000000004000000000000000000000000000001081205                         0000000000000000000000000                                             000019
102021974950001161584870000003760                             82050106133      000                        1421071205                              101205000000000400006500016000000000000270663101081205              0000000000000000000000000000000000000000000000004000000000000000000000000000001081205                         0000000000000000000000000                                             000020
102021974950001161584870000003760                             82050107130      000                        1421071205                              101205000000000400006500016000000000000270663101081205              0000000000000000000000000000000000000000000000004000000000000000000000000000001081205                         0000000000000000000000000                                             000021
102021974950001161584870000003760                             82050108136      000                        1421071205                              101205000000000400006500016000000000000270663101081205              0000000000000000000000000000000000000000000000004000000000000000000000000000001081205                         0000000000000000000000000                                             000022
102021974950001161584870000003760                             82050115132      000                        1421071205                              000000000000000400039928996000000000000270663101081205              0000000000000000000000000000000000000000000000004000000000000000000000000000001081205                         0000000000000000000000000                                             000023
102021974950001161584870000003760                             82050205131      000                        1421071205                              101205000000000400006500016000000000000270663101081205              0000000000000000000000000000000000000000000000004000000000000000000000000000001081205                         0000000000000000000000000                                             000024
102021974950001161584870000003760                             82050209137      000                        1421071205                              101205000000000400006500016000000000000270663101081205              0000000000000000000000000000000000000000000000004000000000000000000000000000001081205                         0000000000000000000000000                                             000025
102021974950001161584870000003760                             82050224136      000                        1421071205                              101205000000000400010412955000000000000125647101081205              0000000000000000000000000000000000000000000000004000000000000000000000000000001081205                         0000000000000000000000000                                             000026
102021974950001161584870000003760                             82050226139      000                        1421071205                              101205000000000400006500016000000000000270663101081205              0000000000000000000000000000000000000000000000004000000000000000000000000000001081205                         0000000000000000000000000                                             000027
102021974950001161584870000003760                             82050231132      000                        1421071205                              101205000000000400006500016000000000000270663101081205              0000000000000000000000000000000000000000000000004000000000000000000000000000001081205                         0000000000000000000000000                                             000028
102021974950001161584870000003760                             82050235138      000                        1421071205                              101205000000000400006500016000000000000270663101081205              0000000000000000000000000000000000000000000000004000000000000000000000000000001081205                         0000000000000000000000000                                             000029
102021974950001161584870000003760                             82050315131      000                        1421071205                              101205000000000860006500016000000000000270663101081205              0000000000000000000000000000000000000000000000008600000000000000000000000000001081205                         0000000000000000000000000                                             000030
102021974950001161584870000003760                             82050327130      000                        1421071205                              101205000000000860010427782000000000000125647101081205              0000000000000000000000000000000000000000000000008600000000000000000000000000001081205                         0000000000000000000000000                                             000031
102021974950001161584870000003760                             82060140148      000                        1421071205                              151205000000000860006500016000000000000270663101081205              0000000000000000000000000000000000000000000000008600000000000000000000000000001081205                         0000000000000000000000000                                             000032
102021974950001161584870000003760                             82070114131      000                        1421071205                              101205000000000860010415830000000000000125647101081205              0000000000000000000000000000000000000000000000008600000000000000000000000000001081205                         0000000000000000000000000                                             000033
102021974950001161584870000003760                             82070126130      000                        1421071205                              101205000000000860075641796000000000000270663101081205              0000000000000000000000000000000000000000000000008600000000000000000000000000001081205                         0000000000000000000000000                                             000034
102021974950001161584870000003760                             82070218131      000                        1421071205                              101205000000000860010412947000000000000125647101081205              0000000000000000000000000000000000000000000000008600000000000000000000000000001081205                         0000000000000000000000000                                             000035
102021974950001161584870000003760                             82070228137      000                        1421071205                              101205000000000860075641796000000000000270663101081205              0000000000000000000000000000000000000000000000008600000000000000000000000000001081205                         0000000000000000000000000                                             000036
102021974950001161584870000003760                             82070509136      000                        1421071205                              151205000000000860075641796000000000000270663101081205              0000000000000000000000000000000000000000000000008600000000000000000000000000001081205                         0000000000000000000000000                                             000037
102021974950001161584870000003760                             82090110131      000                        1421071205                              101205000000000750010400540000000000000125647101081205              0000000000000000000000000000000000000000000000007500000000000000000000000000001081205                         0000000000000000000000000                                             000038
102021974950001161584870000003760                             82090125139      000                        1421071205                              000000000000000750023717836000000000000270663101081205              0000000000000000000000000000000000000000000000007500000000000000000000000000001081205                         0000000000000000000000000                                             000039
102021974950001161584870000003760                             82090130132      000                        1421071205                              101205000000000750075641796000000000000270663101081205              0000000000000000000000000000000000000000000000007500000000000000000000000000001081205                         0000000000000000000000000                                             000040
102021974950001161584870000003760                             82090229139      000                        1421071205                              101205000000000750010412424000000000000125647101081205              0000000000000000000000000000000000000000000000007500000000000000000000000000001081205                         0000000000000000000000000                                             000041
102021974950001161584870000003760                             82090423130      000                        1421071205                              101205000000000750075641796000000000000270663101081205              0000000000000000000000000000000000000000000000007500000000000000000000000000001081205                         0000000000000000000000000                                             000042
102021974950001161584870000003760                             82090431132      000                        1421071205                              101205000000000750010400540000000000000125647101081205              0000000000000000000000000000000000000000000000007500000000000000000000000000001081205                         0000000000000000000000000                                             000043
102021974950001161584870000003760                             82090601135      000                        1421071205                              101205000000000375010408770000000000000125647101081205              0000000000000000000000000000000000000000000000003750000000000000000000000000001081205                         0000000000000000000000000                                             000044
102021974950001161584870000003760                             82090620130      000                        1421071205                              101205000000000375006500016000000000000270663101081205              0000000000000000000000000000000000000000000000003750000000000000000000000000001081205                         0000000000000000000000000                                             000045
102021974950001161584870000003760                             82090623139      000                        1421071205                              101205000000000375074500016000000000000270663101081205              0000000000000000000000000000000000000000000000003750000000000000000000000000001081205                         0000000000000000000000000                                             000046
102021974950001161584870000003760                             82090628130      000                        1421071205                              101205000000000375006500016000000000000270663101081205              0000000000000000000000000000000000000000000000003750000000000000000000000000001081205                         0000000000000000000000000                                             000047
102021974950001161584870000003760                             82090629137      000                        1421071205                              101205000000000375010408770000000000000125647101081205              0000000000000000000000000000000000000000000000003750000000000000000000000000001081205                         0000000000000000000000000                                             000048
102021974950001161584870000003760                             82090914133      000                        1421071205                              101205000000000375010408770000000000000125647101081205              0000000000000000000000000000000000000000000000003750000000000000000000000000001081205                         0000000000000000000000000                                             000049
102021974950001161584870000003760                             82091121137      000                        1421071205                              101205000000000750010408770000000000000125647101081205              0000000000000000000000000000000000000000000000007500000000000000000000000000001081205                         0000000000000000000000000                                             000050
102021974950001161584870000003760                             82091204121      000                        1421071205                              101105000000000640010400540000000000000125647101081205              0000000000000000000000000000000000000000000000006400000000000000000000000000001081205                         0000000000000000000000000                                             000051
102021974950001161584870000003760                             82110106126      000                        1421071205                              101205000000000750010407765000000000000125647101081205              0000000000000000000000000000000000000000000000007500000000000000000000000000001081205                         0000000000000000000000000                                             000052
102021974950001161584870000003760                             82110108129      000                        1421071205                              101205000000000750000110286000000000000270663101081205              0000000000000000000000000000000000000000000000007500000000000000000000000000001081205                         0000000000000000000000000                                             000053
102021974950001161584870000003760                             82110109125      000                        1421071205                              101205000000000750000110286000000000000270663101081205              0000000000000000000000000000000000000000000000007500000000000000000000000000001081205                         0000000000000000000000000                                             000054
102021974950001161584870000003760                             82130111141      000                        1421071205                              101205000000000860006500016000000000000270663101081205              0000000000000000000000000000000000000000000000008600000000000000000000000000001081205                         0000000000000000000000000                                             000055
102021974950001161584870000003760                             82130128141      000                        1421071205                              101205000000000860023705866000000000000270663101081205              0000000000000000000000000000000000000000000000008600000000000000000000000000001081205                         0000000000000000000000000                                             000056
9201104                                                                                                                                                                                                                                                                                                                                                                                                   000057
