02RETORNO01COBRANCA       1584870000003760    IPAD                          104C ECON FEDERAL 090307                                                                                                                                                                                                                                                                                                 00405000001
102021974950001161584870000003760                             82030527141      000                        1421090307                              151006000000000760010409156000000000000125647101120307              0000000000000000000000000000000000000000000000008854000000000125400000000000001120307                         0000000000000000000000000                                             000002
102021974950001161584870000003760                             82030723170      000                        1421090307                              100207000000000760010409148000000000000125647101120307              0000000000000000000000000000000000000000000000007957000000000035700000000000001120307                         0000000000000000000000000                                             000003
102021974950001161584870000003760                             82030903160      000                        1421090307                              101206000000000760010407757000000000000125647101120307              0000000000000000000000000000000000000000000000008420000000000082000000000000001120307                         0000000000000000000000000                                             000004
102021974950001161584870000003760                             82030903178      000                        1421090307                              100107000000000760010407757000000000000125647101120307              0000000000000000000000000000000000000000000000008246000000000064600000000000001120307                         0000000000000000000000000                                             000005
102021974950001161584870000003760                             82031016124      000                        1421090307                              300107000000000760010400523000000000000125647101120307              0000000000000000000000000000000000000000000000007600000000000000000000000000001120307                         0000000000000000000000000                                             000006
102021974950001161584870000003760                             82031025131      000                        1421090307                              280207000000000760010400523000000000000125647101120307              0000000000000000000000000000000000000000000000007762000000000016200000000000001120307                         0000000000000000000000000                                             000007
102021974950001161584870000003760                             82031028149      000                        1421090307                              300307000000000760010400523000000000000125647101120307              0000000000000000000000000000000000000000000000007600000000000000000000000000001120307                         0000000000000000000000000                                             000008
102021974950001161584870000003760                             82031128151      000                        1421090307                              100307000000000760010424465000000000000125647101120307              0000000000000000000000000000000000000000000000007600000000000000000000000000001120307                         0000000000000000000000000                                             000009
102021974950001161584870000003760                             82071426153      000                        1421090307                              100307000000000760039928996000000000000270663101120307              0000000000000000000000000000000000000000000000007600000000000000000000000000001120307                         0000000000000000000000000                                             000010
102021974950001161584870000003760                             82071429128      000                        1421090307                              310107000000000760010421245000000000000125647101120307              0000000000000000000000000000000000000000000000008033000000000043300000000000001120307                         0000000000000000000000000                                             000011
102021974950001161584870000003760                             82111025146      000                        1421090307                              110207000000000760010407765000000000000125647101120307              0000000000000000000000000000000000000000000000007778000000000017800000000000001120307                         0000000000000000000000000                                             000012
102021974950001161584870000003760                             82111028153      000                        1421090307                              110307000000000760010407765000000000000125647101120307              0000000000000000000000000000000000000000000000007600000000000000000000000000001120307                         0000000000000000000000000                                             000013
102021974950001161584870000003760                             82130409167      000                        1421090307                              100307000000000760010409148000000000000125647101120307              0000000000000000000000000000000000000000000000007600000000000000000000000000001120307                         0000000000000000000000000                                             000014
9201104                                                                                                                                                                                                                                                                                                                                                                                                   000015
