02RETORNO01COBRANCA       1584870000003760    IPAD                          104C ECON FEDERAL 110706                                                                                                                                                                                                                                                                                                 00242000001
102021974950001161584870000003760                             82010305127      000                        1421110706                              100706000000000660010409148000000000000125647101120706              0000000000000000000000000000000000000000000000006733000000000013300000000000001120706                         0000000000000000000000000                                             000002
102021974950001161584870000003760                             82010315122      000                        1421110706                              100706000000000660010409148000000000000125647101120706              0000000000000000000000000000000000000000000000006733000000000013300000000000001120706                         0000000000000000000000000                                             000003
102021974950001161584870000003760                             82010322129      000                        1421110706                              100706000000000660010409148000000000000125647101120706              0000000000000000000000000000000000000000000000006738000000000013800000000000001120706                         0000000000000000000000000                                             000004
102021974950001161584870000003760                             82030312145      000                        1421110706                              300606000000000860010409156000000000000125647101120706              0000000000000000000000000000000000000000000000008860000000000026000000000000001120706                         0000000000000000000000000                                             000005
102021974950001161584870000003760                             82030313141      000                        1421110706                              300606000000000860010409156000000000000125647101120706              0000000000000000000000000000000000000000000000008860000000000026000000000000001120706                         0000000000000000000000000                                             000006
102021974950001161584870000003760                             82030407146      000                        1421110706                              100706000000000760010407757000000000000125647101120706              0000000000000000000000000000000000000000000000007756000000000015600000000000001120706                         0000000000000000000000000                                             000007
102021974950001161584870000003760                             82030516115      000                        1421110706                              150706000000000760010409148000000000000125620101120706              0000000000000000000000000000000000000000000000007600000000000000000000000000001120706                         0000000000000000000000000                                             000008
102021974950001161584870000003760                             82030541110      000                        1421110706                              150706000000000760010409148000000000000125647101120706              0000000000000000000000000000000000000000000000007600000000000000000000000000001120706                         0000000000000000000000000                                             000009
102021974950001161584870000003760                             82030548114      000                        1421110706                              150706000000000760010409148000000000000125620101120706              0000000000000000000000000000000000000000000000007600000000000000000000000000001120706                         0000000000000000000000000                                             000010
102021974950001161584870000003760                             82030556117      000                        1421110706                              150706000000000760010409148000000000000125647101120706              0000000000000000000000000000000000000000000000007600000000000000000000000000001120706                         0000000000000000000000000                                             000011
102021974950001161584870000003760                             82030801111      000                        1421110706                              100706000000000760010409156000000000000125647101120706              0000000000000000000000000000000000000000000000007622000000000002200000000000001120706                         0000000000000000000000000                                             000012
102021974950001161584870000003760                             82030814116      000                        1421110706                              100706000000000760010409156000000000000125647101120706              0000000000000000000000000000000000000000000000007760000000000016000000000000001120706                         0000000000000000000000000                                             000013
102021974950001161584870000003760                             82030835113      000                        1421110706                              100706000000000760010409156000000000000125647101120706              0000000000000000000000000000000000000000000000007760000000000016000000000000001120706                         0000000000000000000000000                                             000014
102021974950001161584870000003760                             82030837116      000                        1421110706                              100706000000000760010409156000000000000125647101120706              0000000000000000000000000000000000000000000000007760000000000016000000000000001120706                         0000000000000000000000000                                             000015
102021974950001161584870000003760                             82030916113      000                        1421110706                              100706000000000760010407757000000000000125647101120706              0000000000000000000000000000000000000000000000007760000000000016000000000000001120706                         0000000000000000000000000                                             000016
102021974950001161584870000003760                             82060406113      000                        1421110706                              100706000000000760010410308000000000000125647101120706              0000000000000000000000000000000000000000000000007759000000000015900000000000001120706                         0000000000000000000000000                                             000017
102021974950001161584870000003760                             82060410110      000                        1421110706                              100706000000000760010410286000000000000125647101120706              0000000000000000000000000000000000000000000000007759000000000015900000000000001120706                         0000000000000000000000000                                             000018
102021974950001161584870000003760                             82060416119      000                        1421110706                              100706000000000760010430171000000000000125647101120706              0000000000000000000000000000000000000000000000007830000000000023000000000000001120706                         0000000000000000000000000                                             000019
102021974950001161584870000003760                             82060601145      000                        1421110706                              150706000000000750006500016000000000000270663101120706              0000000000000000000000000000000000000000000000007500000000000000000000000000001120706                         0000000000000000000000000                                             000020
102021974950001161584870000003760                             82060717143      000                        1421110706                              150706000000000860000141186000000000000270663101120706              0000000000000000000000000000000000000000000000008600000000000000000000000000001120706                         0000000000000000000000000                                             000021
102021974950001161584870000003760                             82060723135      000                        1421110706                              150706000000000860006500016000000000000270663101120706              0000000000000000000000000000000000000000000000008600000000000000000000000000001120706                         0000000000000000000000000                                             000022
102021974950001161584870000003760                             82060904113      000                        1421110706                              100706000000000760010406513000000000000125647101120706              0000000000000000000000000000000000000000000000007759000000000015900000000000001120706                         0000000000000000000000000                                             000023
102021974950001161584870000003760                             82070618130      000                        1421110706                              210706000000000760006500016000000000000270663101120706              0000000000000000000000000000000000000000000000007600000000000000000000000000001120706                         0000000000000000000000000                                             000024
102021974950001161584870000003760                             82070711113      000                        1421110706                              200706000000000760006500016000000000000270663101120706              0000000000000000000000000000000000000000000000007600000000000000000000000000001120706                         0000000000000000000000000                                             000025
102021974950001161584870000003760                             82071209110      000                        1421110706                              100706000000000760010400493000000000000240655100110706              0000000000000000000000000000000000000000000000007760000000000016000000000000001110706                         0000000000000000000000000                                             000026
102021974950001161584870000003760                             82071215110      000                        1421110706                              100706000000000760010410308000000000000125647101120706              0000000000000000000000000000000000000000000000007759000000000015900000000000001120706                         0000000000000000000000000                                             000027
102021974950001161584870000003760                             82071229110      000                        1421110706                              100706000000000760010400493000000000000240655100110706              0000000000000000000000000000000000000000000000007760000000000016000000000000001110706                         0000000000000000000000000                                             000028
102021974950001161584870000003760                             82071231115      000                        1421110706                              100706000000000760010400485000000000000125647101120706              0000000000000000000000000000000000000000000000007759000000000015900000000000001120706                         0000000000000000000000000                                             000029
102021974950001161584870000003760                             82110306168      000                        1421110706                              150606000000000860010407765000000000000240655100110706              0000000000000000000000000000000000000000000000009015000000000041500000000000001110706                         0000000000000000000000000                                             000030
102021974950001161584870000003760                             82110330140      000                        1421110706                              100206000000000860010407765000000000000240655100110706              0000000000000000000000000000000000000000000000009969000000000136900000000000001110706                         0000000000000000000000000                                             000031
102021974950001161584870000003760                             82110330158      000                        1421110706                              100306000000000860010407765000000000000240655100110706              0000000000000000000000000000000000000000000000009879000000000127900000000000001110706                         0000000000000000000000000                                             000032
102021974950001161584870000003760                             82110822131      000                        1421110706                              200606000000000750010407765000000000000125647101120706              0000000000000000000000000000000000000000000000007818000000000031800000000000001120706                         0000000000000000000000000                                             000033
9201104                                                                                                                                                                                                                                                                                                                                                                                                   000034
