02RETORNO01COBRANCA       1584870000003760    IPAD                          104C ECON FEDERAL 110106                                                                                                                                                                                                                                                                                                 00119000001
102021974950001161584870000003760                             82010117134      000                        1421110106                              100106000000000750010414338000000000000125647101120106              0000000000000000000000000000000000000000000000007725000000000022500000000000001120106                         0000000000000000000000000                                             000002
102021974950001161584870000003760                             82010124130      000                        1421110106                              100106000000000750010414338000000000000125647101120106              0000000000000000000000000000000000000000000000007657000000000015700000000000001120106                         0000000000000000000000000                                             000003
102021974950001161584870000003760                             82010128136      000                        1421110106                              100106000000000750010414338000000000000125647101120106              0000000000000000000000000000000000000000000000007657000000000015700000000000001120106                         0000000000000000000000000                                             000004
102021974950001161584870000003760                             82010129132      000                        1421110106                              100106000000000750010414338000000000000125647101120106              0000000000000000000000000000000000000000000000007725000000000022500000000000001120106                         0000000000000000000000000                                             000005
102021974950001161584870000003760                             82010133121      000                        1421110106                              101205000000000750010414338000000000000125647101120106              0000000000000000000000000000000000000000000000007890000000000039000000000000001120106                         0000000000000000000000000                                             000006
102021974950001161584870000003760                             82010137135      000                        1421110106                              100106000000000750010414338000000000000125647101120106              0000000000000000000000000000000000000000000000007725000000000022500000000000001120106                         0000000000000000000000000                                             000007
102021974950001161584870000003760                             82040103140      000                        1421110106                              100106000000000430010400523000000000000125647101120106              0000000000000000000000000000000000000000000000004390000000000009000000000000001120106                         0000000000000000000000000                                             000008
102021974950001161584870000003760                             82040104146      000                        1421110106                              100106000000000430010400523000000000000125647101120106              0000000000000000000000000000000000000000000000004390000000000009000000000000001120106                         0000000000000000000000000                                             000009
102021974950001161584870000003760                             82040107145      000                        1421110106                              100106000000000430010400523000000000000125647101120106              0000000000000000000000000000000000000000000000004390000000000009000000000000001120106                         0000000000000000000000000                                             000010
102021974950001161584870000003760                             82040112149      000                        1421110106                              100106000000000430010400523000000000000125647101120106              0000000000000000000000000000000000000000000000004390000000000009000000000000001120106                         0000000000000000000000000                                             000011
102021974950001161584870000003760                             82040114141      000                        1421110106                              100106000000000430010400523000000000000125647101120106              0000000000000000000000000000000000000000000000004390000000000009000000000000001120106                         0000000000000000000000000                                             000012
102021974950001161584870000003760                             82040117140      000                        1421110106                              100106000000000430010400523000000000000125647101120106              0000000000000000000000000000000000000000000000004390000000000009000000000000001120106                         0000000000000000000000000                                             000013
102021974950001161584870000003760                             82040120141      000                        1421110106                              100106000000000430010400523000000000000125647101120106              0000000000000000000000000000000000000000000000004390000000000009000000000000001120106                         0000000000000000000000000                                             000014
102021974950001161584870000003760                             82040123140      000                        1421110106                              100106000000000430010400523000000000000125647101120106              0000000000000000000000000000000000000000000000004390000000000009000000000000001120106                         0000000000000000000000000                                             000015
102021974950001161584870000003760                             82040221142      000                        1421110106                              100106000000000430010400523000000000000125647101120106              0000000000000000000000000000000000000000000000004390000000000009000000000000001120106                         0000000000000000000000000                                             000016
102021974950001161584870000003760                             82040511140      000                        1421110106                              100106000000000860010400523000000000000125647101120106              0000000000000000000000000000000000000000000000008780000000000018000000000000001120106                         0000000000000000000000000                                             000017
102021974950001161584870000003760                             82040601140      000                        1421110106                              100106000000000860010421709000000000000240655100110106              0000000000000000000000000000000000000000000000008781000000000018100000000000001110106                         0000000000000000000000000                                             000018
102021974950001161584870000003760                             82040602146      000                        1421110106                              100106000000000860010407730000000000000125647101120106              0000000000000000000000000000000000000000000000008780000000000018000000000000001120106                         0000000000000000000000000                                             000019
102021974950001161584870000003760                             82040615140      000                        1421110106                              100106000000000860010400523000000000000125647101120106              0000000000000000000000000000000000000000000000008858000000000025800000000000001120106                         0000000000000000000000000                                             000020
102021974950001161584870000003760                             82040718144      000                        1421110106                              100106000000000860010409164000000000000125647101120106              0000000000000000000000000000000000000000000000008600000000000000000000000000001120106                         0000000000000000000000000                                             000021
102021974950001161584870000003760                             82050203147      000                        1421110106                              100106000000000400010400531000000000000125647101120106              0000000000000000000000000000000000000000000000004084000000000008400000000000001120106                         0000000000000000000000000                                             000022
102021974950001161584870000003760                             82050306140      000                        1421110106                              100106000000000860010427782000000000000125647101120106              0000000000000000000000000000000000000000000000008780000000000018000000000000001120106                         0000000000000000000000000                                             000023
102021974950001161584870000003760                             82050312140      000                        1421110106                              100106000000000860010427782000000000000125647101120106              0000000000000000000000000000000000000000000000008780000000000018000000000000001120106                         0000000000000000000000000                                             000024
102021974950001161584870000003760                             82050314135      000                        1421110106                              101205000000000860010427782000000000000125647101120106              0000000000000000000000000000000000000000000000009047000000000044700000000000001120106                         0000000000000000000000000                                             000025
102021974950001161584870000003760                             82060126153      000                        1421110106                              150106000000000860010400450000000000000125647101120106              0000000000000000000000000000000000000000000000008600000000000000000000000000001120106                         0000000000000000000000000                                             000026
102021974950001161584870000003760                             82060137155      000                        1421110106                              150106000000000860010430171000000000000125647101120106              0000000000000000000000000000000000000000000000008600000000000000000000000000001120106                         0000000000000000000000000                                             000027
102021974950001161584870000003760                             82060213137      000                        1421110106                              100106000000000860010421911000000000000125647101120106              0000000000000000000000000000000000000000000000008780000000000018000000000000001120106                         0000000000000000000000000                                             000028
102021974950001161584870000003760                             82060215130      000                        1421110106                              100106000000000860010421911000000000000240655100110106              0000000000000000000000000000000000000000000000008780000000000018000000000000001110106                         0000000000000000000000000                                             000029
102021974950001161584870000003760                             82060316130      000                        1421110106                              000000000000000860039928996000000000000270663101120106              0000000000000000000000000000000000000000000000008600000000000000000000000000001120106                         0000000000000000000000000                                             000030
102021974950001161584870000003760                             82060327132      000                        1421110106                              150106000000000860010408761000000000000125647101120106              0000000000000000000000000000000000000000000000008600000000000000000000000000001120106                         0000000000000000000000000                                             000031
102021974950001161584870000003760                             82070102141      000                        1421110106                              100106000000000860010409172000000000000240655100110106              0000000000000000000000000000000000000000000000008780000000000018000000000000001110106                         0000000000000000000000000                                             000032
102021974950001161584870000003760                             82070115146      000                        1421110106                              100106000000000860010400450000000000000125647101120106              0000000000000000000000000000000000000000000000008600000000000000000000000000001120106                         0000000000000000000000000                                             000033
102021974950001161584870000003760                             82070210149      000                        1421110106                              100106000000000860006500016000000000000270663101120106              0000000000000000000000000000000000000000000000008600000000000000000000000000001120106                         0000000000000000000000000                                             000034
102021974950001161584870000003760                             82070302140      000                        1421110106                              000000000000000860040975226000000000000270663101120106              0000000000000000000000000000000000000000000000008600000000000000000000000000001120106                         0000000000000000000000000                                             000035
102021974950001161584870000003760                             82070318136      000                        1421110106                              151205000000000860010406483000000000000125647101120106              0000000000000000000000000000000000000000000000008988000000000038800000000000001120106                         0000000000000000000000000                                             000036
102021974950001161584870000003760                             82070402145      000                        1421110106                              150106000000000860006500016000000000000270663101120106              0000000000000000000000000000000000000000000000008600000000000000000000000000001120106                         0000000000000000000000000                                             000037
102021974950001161584870000003760                             82070427148      000                        1421110106                              150106000000000860006500016000000000000270663101120106              0000000000000000000000000000000000000000000000008600000000000000000000000000001120106                         0000000000000000000000000                                             000038
102021974950001161584870000003760                             82070428144      000                        1421110106                              150106000000000860006500016000000000000270663101120106              0000000000000000000000000000000000000000000000008600000000000000000000000000001120106                         0000000000000000000000000                                             000039
102021974950001161584870000003760                             82070510134      000                        1421110106                              151205000000000860010410308000000000000125647101120106              0000000000000000000000000000000000000000000000009004000000000040400000000000001120106                         0000000000000000000000000                                             000040
102021974950001161584870000003760                             82090104140      000                        1421110106                              100106000000000750010400540000000000000125647101120106              0000000000000000000000000000000000000000000000007657000000000015700000000000001120106                         0000000000000000000000000                                             000041
102021974950001161584870000003760                             82090201145      000                        1421110106                              100106000000000750010400540000000000000125647101120106              0000000000000000000000000000000000000000000000007657000000000015700000000000001120106                         0000000000000000000000000                                             000042
102021974950001161584870000003760                             82090209146      000                        1421110106                              100106000000000750010400540000000000000125647101120106              0000000000000000000000000000000000000000000000007657000000000015700000000000001120106                         0000000000000000000000000                                             000043
102021974950001161584870000003760                             82090319146      000                        1421110106                              100106000000000750010400540000000000000125647101120106              0000000000000000000000000000000000000000000000007657000000000015700000000000001120106                         0000000000000000000000000                                             000044
102021974950001161584870000003760                             82090326142      000                        1421110106                              100106000000000750010400540000000000000125647101120106              0000000000000000000000000000000000000000000000007657000000000015700000000000001120106                         0000000000000000000000000                                             000045
102021974950001161584870000003760                             82090327149      000                        1421110106                              100106000000000750010400540000000000000125647101120106              0000000000000000000000000000000000000000000000007657000000000015700000000000001120106                         0000000000000000000000000                                             000046
102021974950001161584870000003760                             82090434140      000                        1421110106                              100106000000000750010400540000000000000125647101120106              0000000000000000000000000000000000000000000000007657000000000015700000000000001120106                         0000000000000000000000000                                             000047
102021974950001161584870000003760                             82090713146      000                        1421110106                              100106000000000750010408770000000000000125647101120106              0000000000000000000000000000000000000000000000007657000000000015700000000000001120106                         0000000000000000000000000                                             000048
102021974950001161584870000003760                             82090914141      000                        1421110106                              100106000000000375010408770000000000000125647101120106              0000000000000000000000000000000000000000000000003750000000000000000000000000001120106                         0000000000000000000000000                                             000049
102021974950001161584870000003760                             82090922144      000                        1421110106                              100106000000000375010408770000000000000125647101120106              0000000000000000000000000000000000000000000000003832000000000008200000000000001120106                         0000000000000000000000000                                             000050
102021974950001161584870000003760                             82110304130      000                        1421110106                              100106000000000860010407765000000000000240655100110106              0000000000000000000000000000000000000000000000008774000000000017400000000000001110106                         0000000000000000000000000                                             000051
9201104                                                                                                                                                                                                                                                                                                                                                                                                   000052
