02RETORNO01COBRANCA       1584870000003760    IPAD                          104C ECON FEDERAL 100206                                                                                                                                                                                                                                                                                                 00141000001
102021974950001161584870000003760                             82010101149      000                        1421100206                              100206000000000375010414338000000000000125647101130206              0000000000000000000000000000000000000000000000003750000000000000000000000000001130206                         0000000000000000000000000                                             000002
102021974950001161584870000003760                             82010112140      000                        1421100206                              100206000000000750075641796000000000000270663101130206              0000000000000000000000000000000000000000000000007500000000000000000000000000001130206                         0000000000000000000000000                                             000003
102021974950001161584870000003760                             82010114143      000                        1421100206                              100206000000000750000121296000000000000270663101130206              0000000000000000000000000000000000000000000000007500000000000000000000000000001130206                         0000000000000000000000000                                             000004
102021974950001161584870000003760                             82010116146      000                        1421100206                              100206000000000750007347476000000000000270663101130206              0000000000000000000000000000000000000000000000007500000000000000000000000000001130206                         0000000000000000000000000                                             000005
102021974950001161584870000003760                             82010129140      000                        1421100206                              100206000000000750010414338000000000000125647101130206              0000000000000000000000000000000000000000000000007500000000000000000000000000001130206                         0000000000000000000000000                                             000006
102021974950001161584870000003760                             82010130149      000                        1421100206                              100206000000000750006500016000000000000270663101130206              0000000000000000000000000000000000000000000000007500000000000000000000000000001130206                         0000000000000000000000000                                             000007
102021974950001161584870000003760                             82010131145      000                        1421100206                              000000000000000750039928996000000000000270663101130206              0000000000000000000000000000000000000000000000007500000000000000000000000000001130206                         0000000000000000000000000                                             000008
102021974950001161584870000003760                             82010133130      000                        1421100206                              100106000000000750010414338000000000000125647101130206              0000000000000000000000000000000000000000000000007882000000000038200000000000001130206                         0000000000000000000000000                                             000009
102021974950001161584870000003760                             82010138140      000                        1421100206                              100206000000002625002410646000000000000270663101130206              0000000000000000000000000000000000000000000000026250000000000000000000000000001130206                         0000000000000000000000000                                             000010
102021974950001161584870000003760                             82010204142      000                        1421100206                              100206000000000420000117546000000000000270663101130206              0000000000000000000000000000000000000000000000004200000000000000000000000000001130206                         0000000000000000000000000                                             000011
102021974950001161584870000003760                             82010210142      000                        1421100206                              100206000000000420023725426000000000000270663101130206              0000000000000000000000000000000000000000000000004200000000000000000000000000001130206                         0000000000000000000000000                                             000012
102021974950001161584870000003760                             82010215144      000                        1421100206                              100206000000000750023725426000000000000270663101130206              0000000000000000000000000000000000000000000000007500000000000000000000000000001130206                         0000000000000000000000000                                             000013
102021974950001161584870000003760                             82010216140      000                        1421100206                              100206000000000750023725426000000000000270663101130206              0000000000000000000000000000000000000000000000007500000000000000000000000000001130206                         0000000000000000000000000                                             000014
102021974950001161584870000003760                             82010218143      000                        1421100206                              100206000000000420000117546000000000000270663101130206              0000000000000000000000000000000000000000000000004200000000000000000000000000001130206                         0000000000000000000000000                                             000015
102021974950001161584870000003760                             82010222140      000                        1421100206                              100206000000000420000117546000000000000270663101130206              0000000000000000000000000000000000000000000000004200000000000000000000000000001130206                         0000000000000000000000000                                             000016
102021974950001161584870000003760                             82030101144      000                        1421100206                              100206000000000750010424465000000000000240655100100206              0000000000000000000000000000000000000000000000007500000000000000000000000000001100206                         0000000000000000000000000                                             000017
102021974950001161584870000003760                             82030102140      000                        1421100206                              100206000000000750010424465000000000000125647101130206              0000000000000000000000000000000000000000000000007500000000000000000000000000001130206                         0000000000000000000000000                                             000018
102021974950001161584870000003760                             82030103147      000                        1421100206                              100206000000000750000109176000000000000270663101130206              0000000000000000000000000000000000000000000000007500000000000000000000000000001130206                         0000000000000000000000000                                             000019
102021974950001161584870000003760                             82030104143      000                        1421100206                              100206000000000750010424465000000000000125647101130206              0000000000000000000000000000000000000000000000007500000000000000000000000000001130206                         0000000000000000000000000                                             000020
102021974950001161584870000003760                             82030106146      000                        1421100206                              100206000000000750010424465000000000000125647101130206              0000000000000000000000000000000000000000000000007500000000000000000000000000001130206                         0000000000000000000000000                                             000021
102021974950001161584870000003760                             82030108149      000                        1421100206                              100206000000000750010424465000000000000125647101130206              0000000000000000000000000000000000000000000000007500000000000000000000000000001130206                         0000000000000000000000000                                             000022
102021974950001161584870000003760                             82030111140      000                        1421100206                              100206000000000750010424465000000000000125647101130206              0000000000000000000000000000000000000000000000007500000000000000000000000000001130206                         0000000000000000000000000                                             000023
102021974950001161584870000003760                             82030112146      000                        1421100206                              100206000000000750010424465000000000000125647101130206              0000000000000000000000000000000000000000000000007500000000000000000000000000001130206                         0000000000000000000000000                                             000024
102021974950001161584870000003760                             82030123148      000                        1421100206                              100206000000000750010424465000000000000125647101130206              0000000000000000000000000000000000000000000000007500000000000000000000000000001130206                         0000000000000000000000000                                             000025
102021974950001161584870000003760                             82030129146      000                        1421100206                              100206000000000750010424465000000000000125647101130206              0000000000000000000000000000000000000000000000007500000000000000000000000000001130206                         0000000000000000000000000                                             000026
102021974950001161584870000003760                             82030130144      000                        1421100206                              100206000000000750010424465000000000000125647101130206              0000000000000000000000000000000000000000000000007500000000000000000000000000001130206                         0000000000000000000000000                                             000027
102021974950001161584870000003760                             82030133143      000                        1421100206                              100206000000000750010424465000000000000240655100100206              0000000000000000000000000000000000000000000000007500000000000000000000000000001100206                         0000000000000000000000000                                             000028
102021974950001161584870000003760                             82030135146      000                        1421100206                              100206000000000750010424465000000000000125647101130206              0000000000000000000000000000000000000000000000007500000000000000000000000000001130206                         0000000000000000000000000                                             000029
102021974950001161584870000003760                             82040102151      000                        1421100206                              100206000000000430075641796000000000000270663101130206              0000000000000000000000000000000000000000000000004300000000000000000000000000001130206                         0000000000000000000000000                                             000030
102021974950001161584870000003760                             82040106157      000                        1421100206                              100206000000000430075641796000000000000270663101130206              0000000000000000000000000000000000000000000000004300000000000000000000000000001130206                         0000000000000000000000000                                             000031
102021974950001161584870000003760                             82040114150      000                        1421100206                              100206000000000430075641796000000000000270663101130206              0000000000000000000000000000000000000000000000004300000000000000000000000000001130206                         0000000000000000000000000                                             000032
102021974950001161584870000003760                             82040127154      000                        1421100206                              100206000000000430010400523000000000000125647101130206              0000000000000000000000000000000000000000000000004300000000000000000000000000001130206                         0000000000000000000000000                                             000033
102021974950001161584870000003760                             82040132158      000                        1421100206                              100206000000000860010409156000000000000125647101130206              0000000000000000000000000000000000000000000000008600000000000000000000000000001130206                         0000000000000000000000000                                             000034
102021974950001161584870000003760                             82040134150      000                        1421100206                              100206000000000860010409156000000000000125647101130206              0000000000000000000000000000000000000000000000008600000000000000000000000000001130206                         0000000000000000000000000                                             000035
102021974950001161584870000003760                             82040206151      000                        1421100206                              100206000000000430006500016000000000000270663101130206              0000000000000000000000000000000000000000000000004300000000000000000000000000001130206                         0000000000000000000000000                                             000036
102021974950001161584870000003760                             82040209150      000                        1421100206                              100206000000000430006500016000000000000270663101130206              0000000000000000000000000000000000000000000000004300000000000000000000000000001130206                         0000000000000000000000000                                             000037
102021974950001161584870000003760                             82040210159      000                        1421100206                              100206000000000430007347476000000000000270663101130206              0000000000000000000000000000000000000000000000004300000000000000000000000000001130206                         0000000000000000000000000                                             000038
102021974950001161584870000003760                             82040212151      000                        1421100206                              100206000000000860010400523000000000000125647101130206              0000000000000000000000000000000000000000000000008600000000000000000000000000001130206                         0000000000000000000000000                                             000039
102021974950001161584870000003760                             82040213158      000                        1421100206                              100206000000000430010400523000000000000125647101130206              0000000000000000000000000000000000000000000000004300000000000000000000000000001130206                         0000000000000000000000000                                             000040
102021974950001161584870000003760                             82040214154      000                        1421100206                              100206000000000430006500016000000000000270663101130206              0000000000000000000000000000000000000000000000004300000000000000000000000000001130206                         0000000000000000000000000                                             000041
102021974950001161584870000003760                             82040218150      000                        1421100206                              100206000000000430006500016000000000000270663101130206              0000000000000000000000000000000000000000000000004300000000000000000000000000001130206                         0000000000000000000000000                                             000042
102021974950001161584870000003760                             82040219156      000                        1421100206                              100206000000000430010400523000000000000125647101130206              0000000000000000000000000000000000000000000000004300000000000000000000000000001130206                         0000000000000000000000000                                             000043
102021974950001161584870000003760                             82040231156      000                        1421100206                              100206000000000430010400523000000000000125647101130206              0000000000000000000000000000000000000000000000004300000000000000000000000000001130206                         0000000000000000000000000                                             000044
102021974950001161584870000003760                             82040237154      000                        1421100206                              100206000000000860010400523000000000000125647101130206              0000000000000000000000000000000000000000000000008600000000000000000000000000001130206                         0000000000000000000000000                                             000045
102021974950001161584870000003760                             82040303157      000                        1421100206                              100206000000000360010400523000000000000125647101130206              0000000000000000000000000000000000000000000000003600000000000000000000000000001130206                         0000000000000000000000000                                             000046
102021974950001161584870000003760                             82040307144      000                        1421100206                              100106000000000360010400523000000000000125647101130206              0000000000000000000000000000000000000000000000003796000000000019600000000000001130206                         0000000000000000000000000                                             000047
102021974950001161584870000003760                             82040315155      000                        1421100206                              100206000000000360006500016000000000000270663101130206              0000000000000000000000000000000000000000000000003600000000000000000000000000001130206                         0000000000000000000000000                                             000048
102021974950001161584870000003760                             82040320159      000                        1421100206                              100206000000000360010400523000000000000125647101130206              0000000000000000000000000000000000000000000000003600000000000000000000000000001130206                         0000000000000000000000000                                             000049
102021974950001161584870000003760                             82040324154      000                        1421100206                              100206000000000360006500016000000000000270663101130206              0000000000000000000000000000000000000000000000003600000000000000000000000000001130206                         0000000000000000000000000                                             000050
102021974950001161584870000003760                             82040408153      000                        1421100206                              100206000000000860010400523000000000000125647101130206              0000000000000000000000000000000000000000000000008600000000000000000000000000001130206                         0000000000000000000000000                                             000051
102021974950001161584870000003760                             82040410158      000                        1421100206                              100206000000000860010400523000000000000125620101130206              0000000000000000000000000000000000000000000000008600000000000000000000000000001130206                         0000000000000000000000000                                             000052
102021974950001161584870000003760                             82040418159      000                        1421100206                              100206000000000860000123866000000000000270663101130206              0000000000000000000000000000000000000000000000008600000000000000000000000000001130206                         0000000000000000000000000                                             000053
102021974950001161584870000003760                             82040421150      000                        1421100206                              100206000000000860010400523000000000000125620101130206              0000000000000000000000000000000000000000000000008600000000000000000000000000001130206                         0000000000000000000000000                                             000054
102021974950001161584870000003760                             82040424140      000                        1421100206                              100206000000000860006500016000000000000270663101130206              0000000000000000000000000000000000000000000000008600000000000000000000000000001130206                         0000000000000000000000000                                             000055
102021974950001161584870000003760                             82040426151      000                        1421100206                              100206000000000860010400523000000000000125620101130206              0000000000000000000000000000000000000000000000008600000000000000000000000000001130206                         0000000000000000000000000                                             000056
102021974950001161584870000003760                             82040436157      000                        1421100206                              100206000000000860000125646000000000000270663101130206              0000000000000000000000000000000000000000000000008600000000000000000000000000001130206                         0000000000000000000000000                                             000057
102021974950001161584870000003760                             82040437153      000                        1421100206                              100206000000013760000117396000000000000270663101130206              0000000000000000000000000000000000000000000000137600000000000000000000000000001130206                         0000000000000000000000000                                             000058
102021974950001161584870000003760                             82040506155      000                        1421100206                              100206000000000860010400523000000000000125647101130206              0000000000000000000000000000000000000000000000008600000000000000000000000000001130206                         0000000000000000000000000                                             000059
102021974950001161584870000003760                             82040510136      000                        1421100206                              100206000000000860010400523000000000000125647101130206              0000000000000000000000000000000000000000000000008600000000000000000000000000001130206                         0000000000000000000000000                                             000060
102021974950001161584870000003760                             82040510144      000                        1421100206                              100206000000000860010400523000000000000125647101130206              0000000000000000000000000000000000000000000000008600000000000000000000000000001130206                         0000000000000000000000000                                             000061
102021974950001161584870000003760                             82040511159      000                        1421100206                              100206000000000860010400523000000000000125647101130206              0000000000000000000000000000000000000000000000008600000000000000000000000000001130206                         0000000000000000000000000                                             000062
102021974950001161584870000003760                             82040520158      000                        1421100206                              100206000000000860010400523000000000000125647101130206              0000000000000000000000000000000000000000000000008600000000000000000000000000001130206                         0000000000000000000000000                                             000063
102021974950001161584870000003760                             82040525150      000                        1421100206                              100206000000000860010400523000000000000125647101130206              0000000000000000000000000000000000000000000000008600000000000000000000000000001130206                         0000000000000000000000000                                             000064
102021974950001161584870000003760                             82040527152      000                        1421100206                              100206000000000860010400523000000000000125647101130206              0000000000000000000000000000000000000000000000008600000000000000000000000000001130206                         0000000000000000000000000                                             000065
102021974950001161584870000003760                             82040610157      000                        1421100206                              100206000000000860075641796000000000000270663101130206              0000000000000000000000000000000000000000000000008600000000000000000000000000001130206                         0000000000000000000000000                                             000066
102021974950001161584870000003760                             82040611153      000                        1421100206                              100206000000000860006500016000000000000270663101130206              0000000000000000000000000000000000000000000000008600000000000000000000000000001130206                         0000000000000000000000000                                             000067
102021974950001161584870000003760                             82040639155      000                        1421100206                              100206000000000860010407730000000000000125647101130206              0000000000000000000000000000000000000000000000008600000000000000000000000000001130206                         0000000000000000000000000                                             000068
102021974950001161584870000003760                             82040718152      000                        1421100206                              100206000000000860000111206000000000000270663101130206              0000000000000000000000000000000000000000000000008600000000000000000000000000001130206                         0000000000000000000000000                                             000069
102021974950001161584870000003760                             82040742134      000                        1421100206                              100206000000030960000111206000000000000270663101130206              0000000000000000000000000000000000000000000000309600000000000000000000000000001130206                         0000000000000000000000000                                             000070
102021974950001161584870000003760                             82050105153      000                        1421100206                              100206000000000400006500016000000000000270663101130206              0000000000000000000000000000000000000000000000004000000000000000000000000000001130206                         0000000000000000000000000                                             000071
102021974950001161584870000003760                             82050115159      000                        1421100206                              000000000000000400039928996000000000000270663101130206              0000000000000000000000000000000000000000000000004000000000000000000000000000001130206                         0000000000000000000000000                                             000072
102021974950001161584870000003760                             82050132150      000                        1421100206                              100206000000000400010400531000000000000125647101130206              0000000000000000000000000000000000000000000000004000000000000000000000000000001130206                         0000000000000000000000000                                             000073
102021974950001161584870000003760                             82050137152      000                        1421100206                              100206000000000400006500016000000000000270663101130206              0000000000000000000000000000000000000000000000004000000000000000000000000000001130206                         0000000000000000000000000                                             000074
102021974950001161584870000003760                             82050204151      000                        1421100206                              100206000000000400006500016000000000000270663101130206              0000000000000000000000000000000000000000000000004000000000000000000000000000001130206                         0000000000000000000000000                                             000075
102021974950001161584870000003760                             82050205158      000                        1421100206                              100206000000000400006500016000000000000270663101130206              0000000000000000000000000000000000000000000000004000000000000000000000000000001130206                         0000000000000000000000000                                             000076
102021974950001161584870000003760                             82050208157      000                        1421100206                              100206000000000400010400531000000000000125647101130206              0000000000000000000000000000000000000000000000004000000000000000000000000000001130206                         0000000000000000000000000                                             000077
102021974950001161584870000003760                             82050218152      000                        1421100206                              100206000000000400007347476000000000000270663101130206              0000000000000000000000000000000000000000000000004000000000000000000000000000001130206                         0000000000000000000000000                                             000078
102021974950001161584870000003760                             82050220157      000                        1421100206                              100206000000000400006500016000000000000270663101130206              0000000000000000000000000000000000000000000000004000000000000000000000000000001130206                         0000000000000000000000000                                             000079
102021974950001161584870000003760                             82050223156      000                        1421100206                              100206000000000400006500016000000000000270663101130206              0000000000000000000000000000000000000000000000004000000000000000000000000000001130206                         0000000000000000000000000                                             000080
102021974950001161584870000003760                             82050225159      000                        1421100206                              100206000000000400000116506000000000000270663101130206              0000000000000000000000000000000000000000000000004000000000000000000000000000001130206                         0000000000000000000000000                                             000081
102021974950001161584870000003760                             82050313155      000                        1421100206                              100206000000000860000116666000000000000270663101130206              0000000000000000000000000000000000000000000000008600000000000000000000000000001130206                         0000000000000000000000000                                             000082
102021974950001161584870000003760                             82050324157      000                        1421100206                              100206000000000860010427782000000000000125647101130206              0000000000000000000000000000000000000000000000008600000000000000000000000000001130206                         0000000000000000000000000                                             000083
102021974950001161584870000003760                             82050326150      000                        1421100206                              100206000000000860000116666000000000000270663101130206              0000000000000000000000000000000000000000000000008600000000000000000000000000001130206                         0000000000000000000000000                                             000084
102021974950001161584870000003760                             82050337151      000                        1421100206                              100206000000000860010427782000000000000125647101130206              0000000000000000000000000000000000000000000000008600000000000000000000000000001130206                         0000000000000000000000000                                             000085
102021974950001161584870000003760                             82060104168      000                        1421100206                              150206000000000860006500016000000000000270663101130206              0000000000000000000000000000000000000000000000008600000000000000000000000000001130206                         0000000000000000000000000                                             000086
102021974950001161584870000003760                             82060122166      000                        1421100206                              150206000000000860002410516000000000000270663101130206              0000000000000000000000000000000000000000000000008600000000000000000000000000001130206                         0000000000000000000000000                                             000087
102021974950001161584870000003760                             82060147169      000                        1421100206                              150206000000000860010430171000000000000125647101130206              0000000000000000000000000000000000000000000000008600000000000000000000000000001130206                         0000000000000000000000000                                             000088
102021974950001161584870000003760                             82060208141      000                        1421100206                              100206000000000860075641796000000000000270663101130206              0000000000000000000000000000000000000000000000008600000000000000000000000000001130206                         0000000000000000000000000                                             000089
102021974950001161584870000003760                             82060213145      000                        1421100206                              100206000000000860010421911000000000000125647101130206              0000000000000000000000000000000000000000000000008600000000000000000000000000001130206                         0000000000000000000000000                                             000090
102021974950001161584870000003760                             82060214141      000                        1421100206                              100206000000000860006500016000000000000270663101130206              0000000000000000000000000000000000000000000000008600000000000000000000000000001130206                         0000000000000000000000000                                             000091
102021974950001161584870000003760                             82060222144      000                        1421100206                              100206000000000860006500016000000000000270663101130206              0000000000000000000000000000000000000000000000008600000000000000000000000000001130206                         0000000000000000000000000                                             000092
102021974950001161584870000003760                             82060223140      000                        1421100206                              100206000000000860006500016000000000000270663101130206              0000000000000000000000000000000000000000000000008600000000000000000000000000001130206                         0000000000000000000000000                                             000093
102021974950001161584870000003760                             82060240118      000                        1421100206                              000000000000000860039928996000000000000270663101130206              0000000000000000000000000000000000000000000000008600000000000000000000000000001130206                         0000000000000000000000000                                             000094
102021974950001161584870000003760                             82060240126      000                        1421100206                              000000000000000860039928996000000000000270663101130206              0000000000000000000000000000000000000000000000008600000000000000000000000000001130206                         0000000000000000000000000                                             000095
102021974950001161584870000003760                             82060240134      000                        1421100206                              000000000000000860039928996000000000000270663101130206              0000000000000000000000000000000000000000000000008600000000000000000000000000001130206                         0000000000000000000000000                                             000096
102021974950001161584870000003760                             82060240142      000                        1421100206                              000000000000000860039928996000000000000270663101130206              0000000000000000000000000000000000000000000000008600000000000000000000000000001130206                         0000000000000000000000000                                             000097
102021974950001161584870000003760                             82070217151      000                        1421100206                              100206000000000860010400469000000000000125647101130206              0000000000000000000000000000000000000000000000008600000000000000000000000000001130206                         0000000000000000000000000                                             000098
102021974950001161584870000003760                             82090102155      000                        1421100206                              100206000000000750075641796000000000000270663101130206              0000000000000000000000000000000000000000000000007500000000000000000000000000001130206                         0000000000000000000000000                                             000099
102021974950001161584870000003760                             82090109150      000                        1421100206                              100206000000000750010400540000000000000125647101130206              0000000000000000000000000000000000000000000000007500000000000000000000000000001130206                         0000000000000000000000000                                             000100
102021974950001161584870000003760                             82090111154      000                        1421100206                              100206000000000750010400540000000000000125647101130206              0000000000000000000000000000000000000000000000007500000000000000000000000000001130206                         0000000000000000000000000                                             000101
102021974950001161584870000003760                             82090112177      000                        1421100206                              000000000000000750023717836000000000000270663101130206              0000000000000000000000000000000000000000000000007500000000000000000000000000001130206                         0000000000000000000000000                                             000102
102021974950001161584870000003760                             82090113157      000                        1421100206                              100206000000000750075641796000000000000270663101130206              0000000000000000000000000000000000000000000000007500000000000000000000000000001130206                         0000000000000000000000000                                             000103
102021974950001161584870000003760                             82090118159      000                        1421100206                              100206000000000750010400540000000000000125647101130206              0000000000000000000000000000000000000000000000007500000000000000000000000000001130206                         0000000000000000000000000                                             000104
102021974950001161584870000003760                             82090123152      000                        1421100206                              100206000000000750010400540000000000000125647101130206              0000000000000000000000000000000000000000000000007500000000000000000000000000001130206                         0000000000000000000000000                                             000105
102021974950001161584870000003760                             82090127158      000                        1421100206                              100206000000000750010400540000000000000125647101130206              0000000000000000000000000000000000000000000000007500000000000000000000000000001130206                         0000000000000000000000000                                             000106
102021974950001161584870000003760                             82090131155      000                        1421100206                              100206000000000750075641796000000000000270663101130206              0000000000000000000000000000000000000000000000007500000000000000000000000000001130206                         0000000000000000000000000                                             000107
102021974950001161584870000003760                             82090205159      000                        1421100206                              000000000000000750023717836000000000000270663101130206              0000000000000000000000000000000000000000000000007500000000000000000000000000001130206                         0000000000000000000000000                                             000108
102021974950001161584870000003760                             82090205167      000                        1421100206                              000000000000000750023717836000000000000270663101130206              0000000000000000000000000000000000000000000000007500000000000000000000000000001130206                         0000000000000000000000000                                             000109
102021974950001161584870000003760                             82090215154      000                        1421100206                              100206000000000750075641796000000000000270663101130206              0000000000000000000000000000000000000000000000007500000000000000000000000000001130206                         0000000000000000000000000                                             000110
102021974950001161584870000003760                             82090224145      000                        1421100206                              100106000000000750010400540000000000000125647101130206              0000000000000000000000000000000000000000000000007885000000000038500000000000001130206                         0000000000000000000000000                                             000111
102021974950001161584870000003760                             82090229155      000                        1421100206                              100206000000000750010412424000000000000125647101130206              0000000000000000000000000000000000000000000000007500000000000000000000000000001130206                         0000000000000000000000000                                             000112
102021974950001161584870000003760                             82090302154      000                        1421100206                              100206000000000750010407749000000000000125647101130206              0000000000000000000000000000000000000000000000007500000000000000000000000000001130206                         0000000000000000000000000                                             000113
102021974950001161584870000003760                             82090308152      000                        1421100206                              100206000000000750010407749000000000000125647101130206              0000000000000000000000000000000000000000000000007500000000000000000000000000001130206                         0000000000000000000000000                                             000114
102021974950001161584870000003760                             82090313156      000                        1421100206                              100206000000000750075641796000000000000270663101130206              0000000000000000000000000000000000000000000000007500000000000000000000000000001130206                         0000000000000000000000000                                             000115
102021974950001161584870000003760                             82090314152      000                        1421100206                              100206000000000750010400540000000000000125647101130206              0000000000000000000000000000000000000000000000007500000000000000000000000000001130206                         0000000000000000000000000                                             000116
102021974950001161584870000003760                             82090323151      000                        1421100206                              100206000000000750010400540000000000000125647101130206              0000000000000000000000000000000000000000000000007500000000000000000000000000001130206                         0000000000000000000000000                                             000117
102021974950001161584870000003760                             82090326150      000                        1421100206                              100206000000000750010400540000000000000125647101130206              0000000000000000000000000000000000000000000000007500000000000000000000000000001130206                         0000000000000000000000000                                             000118
102021974950001161584870000003760                             82090327157      000                        1421100206                              100206000000000750010400540000000000000125647101130206              0000000000000000000000000000000000000000000000007500000000000000000000000000001130206                         0000000000000000000000000                                             000119
102021974950001161584870000003760                             82090334153      000                        1421100206                              100206000000000750010407749000000000000125647101130206              0000000000000000000000000000000000000000000000007500000000000000000000000000001130206                         0000000000000000000000000                                             000120
102021974950001161584870000003760                             82090412154      000                        1421100206                              100206000000000750010412424000000000000125647101130206              0000000000000000000000000000000000000000000000007500000000000000000000000000001130206                         0000000000000000000000000                                             000121
102021974950001161584870000003760                             82090416150      000                        1421100206                              100206000000000750010400540000000000000125647101130206              0000000000000000000000000000000000000000000000007500000000000000000000000000001130206                         0000000000000000000000000                                             000122
102021974950001161584870000003760                             82090427151      000                        1421100206                              100206000000000750010412424000000000000125647101130206              0000000000000000000000000000000000000000000000007500000000000000000000000000001130206                         0000000000000000000000000                                             000123
102021974950001161584870000003760                             82090434158      000                        1421100206                              100206000000000750010400540000000000000125647101130206              0000000000000000000000000000000000000000000000007500000000000000000000000000001130206                         0000000000000000000000000                                             000124
102021974950001161584870000003760                             82090510156      000                        1421100206                              100206000000000750010408770000000000000125647101130206              0000000000000000000000000000000000000000000000007500000000000000000000000000001130206                         0000000000000000000000000                                             000125
102021974950001161584870000003760                             82090511152      000                        1421100206                              100206000000000375006500016000000000000270663101130206              0000000000000000000000000000000000000000000000003750000000000000000000000000001130206                         0000000000000000000000000                                             000126
102021974950001161584870000003760                             82090524157      000                        1421100206                              100206000000000375010408770000000000000125647101130206              0000000000000000000000000000000000000000000000003750000000000000000000000000001130206                         0000000000000000000000000                                             000127
102021974950001161584870000003760                             82090605157      000                        1421100206                              100206000000000375006500016000000000000270663101130206              0000000000000000000000000000000000000000000000003750000000000000000000000000001130206                         0000000000000000000000000                                             000128
102021974950001161584870000003760                             82090606153      000                        1421100206                              100206000000000750010408770000000000000125647101130206              0000000000000000000000000000000000000000000000007500000000000000000000000000001130206                         0000000000000000000000000                                             000129
102021974950001161584870000003760                             82090609152      000                        1421100206                              100206000000000375010408770000000000000125647101130206              0000000000000000000000000000000000000000000000003750000000000000000000000000001130206                         0000000000000000000000000                                             000130
102021974950001161584870000003760                             82090610150      000                        1421100206                              100206000000000375010408770000000000000125647101130206              0000000000000000000000000000000000000000000000003750000000000000000000000000001130206                         0000000000000000000000000                                             000131
102021974950001161584870000003760                             82090615152      000                        1421100206                              100206000000000375010400540000000000000125647101130206              0000000000000000000000000000000000000000000000003750000000000000000000000000001130206                         0000000000000000000000000                                             000132
102021974950001161584870000003760                             82090619158      000                        1421100206                              100206000000000375006500016000000000000270663101130206              0000000000000000000000000000000000000000000000003750000000000000000000000000001130206                         0000000000000000000000000                                             000133
102021974950001161584870000003760                             82090623155      000                        1421100206                              100206000000000375074500016000000000000270663101130206              0000000000000000000000000000000000000000000000003750000000000000000000000000001130206                         0000000000000000000000000                                             000134
102021974950001161584870000003760                             82090624151      000                        1421100206                              100206000000000375006500016000000000000270663101130206              0000000000000000000000000000000000000000000000003750000000000000000000000000001130206                         0000000000000000000000000                                             000135
102021974950001161584870000003760                             82090629153      000                        1421100206                              100206000000000375010408770000000000000125647101130206              0000000000000000000000000000000000000000000000003750000000000000000000000000001130206                         0000000000000000000000000                                             000136
102021974950001161584870000003760                             82090631158      000                        1421100206                              100206000000009750000126696000000000000270663101130206              0000000000000000000000000000000000000000000000097500000000000000000000000000001130206                         0000000000000000000000000                                             000137
102021974950001161584870000003760                             82090711151      000                        1421100206                              100206000000000750010408770000000000000125647101130206              0000000000000000000000000000000000000000000000007500000000000000000000000000001130206                         0000000000000000000000000                                             000138
102021974950001161584870000003760                             82090728151      000                        1421100206                              100206000000000750010408770000000000000125647101130206              0000000000000000000000000000000000000000000000007500000000000000000000000000001130206                         0000000000000000000000000                                             000139
102021974950001161584870000003760                             82090731152      000                        1421100206                              100206000000000750006500016000000000000270663101130206              0000000000000000000000000000000000000000000000007500000000000000000000000000001130206                         0000000000000000000000000                                             000140
102021974950001161584870000003760                             82090803137      000                        1421100206                              100206000000000450010408770000000000000125647101130206              0000000000000000000000000000000000000000000000004500000000000000000000000000001130206                         0000000000000000000000000                                             000141
102021974950001161584870000003760                             82090808139      000                        1421100206                              100206000000000450010408770000000000000125647101130206              0000000000000000000000000000000000000000000000004500000000000000000000000000001130206                         0000000000000000000000000                                             000142
102021974950001161584870000003760                             82090825130      000                        1421100206                              100206000000000450010408770000000000000125647101130206              0000000000000000000000000000000000000000000000004500000000000000000000000000001130206                         0000000000000000000000000                                             000143
102021974950001161584870000003760                             82090831130      000                        1421100206                              100206000000000450010408770000000000000125647101130206              0000000000000000000000000000000000000000000000004500000000000000000000000000001130206                         0000000000000000000000000                                             000144
102021974950001161584870000003760                             82090832129      000                        1421100206                              150106000000000450010408770000000000000240655100100206              0000000000000000000000000000000000000000000000004500000000000000000000000000001100206                         0000000000000000000000000                                             000145
102021974950001161584870000003760                             82090836132      000                        1421100206                              100206000000010500000104466000000000000270663101130206              0000000000000000000000000000000000000000000000105000000000000000000000000000001130206                         0000000000000000000000000                                             000146
102021974950001161584870000003760                             82090907153      000                        1421100206                              100206000000000375075641796000000000000270663101130206              0000000000000000000000000000000000000000000000003750000000000000000000000000001130206                         0000000000000000000000000                                             000147
102021974950001161584870000003760                             82090911150      000                        1421100206                              100206000000000375010408770000000000000125647101130206              0000000000000000000000000000000000000000000000003750000000000000000000000000001130206                         0000000000000000000000000                                             000148
102021974950001161584870000003760                             82090922152      000                        1421100206                              100206000000000375010408770000000000000125647101130206              0000000000000000000000000000000000000000000000003750000000000000000000000000001130206                         0000000000000000000000000                                             000149
102021974950001161584870000003760                             82090927154      000                        1421100206                              100206000000000375010408770000000000000125647101130206              0000000000000000000000000000000000000000000000003750000000000000000000000000001130206                         0000000000000000000000000                                             000150
102021974950001161584870000003760                             82090930155      000                        1421100206                              100206000000000750010408770000000000000125647101130206              0000000000000000000000000000000000000000000000007500000000000000000000000000001130206                         0000000000000000000000000                                             000151
102021974950001161584870000003760                             82090931151      000                        1421100206                              100206000000000375010412424000000000000125647101130206              0000000000000000000000000000000000000000000000003750000000000000000000000000001130206                         0000000000000000000000000                                             000152
102021974950001161584870000003760                             82090935157      000                        1421100206                              100206000000000750010408770000000000000125647101130206              0000000000000000000000000000000000000000000000007500000000000000000000000000001130206                         0000000000000000000000000                                             000153
102021974950001161584870000003760                             82091014152      000                        1421100206                              100206000000000375010408770000000000000125647101130206              0000000000000000000000000000000000000000000000003750000000000000000000000000001130206                         0000000000000000000000000                                             000154
102021974950001161584870000003760                             82091018158      000                        1421100206                              100206000000000375006500016000000000000270663101130206              0000000000000000000000000000000000000000000000003750000000000000000000000000001130206                         0000000000000000000000000                                             000155
102021974950001161584870000003760                             82091022155      000                        1421100206                              100206000000000375010408770000000000000125647101130206              0000000000000000000000000000000000000000000000003750000000000000000000000000001130206                         0000000000000000000000000                                             000156
102021974950001161584870000003760                             82091025154      000                        1421100206                              100206000000000750010408770000000000000125647101130206              0000000000000000000000000000000000000000000000007500000000000000000000000000001130206                         0000000000000000000000000                                             000157
102021974950001161584870000003760                             82091028153      000                        1421100206                              100206000000000375010408770000000000000125647101130206              0000000000000000000000000000000000000000000000003750000000000000000000000000001130206                         0000000000000000000000000                                             000158
102021974950001161584870000003760                             82091033157      000                        1421100206                              100206000000000375006500016000000000000270663101130206              0000000000000000000000000000000000000000000000003750000000000000000000000000001130206                         0000000000000000000000000                                             000159
102021974950001161584870000003760                             82091111158      000                        1421100206                              100206000000000750010408770000000000000125647101130206              0000000000000000000000000000000000000000000000007500000000000000000000000000001130206                         0000000000000000000000000                                             000160
102021974950001161584870000003760                             82091113150      000                        1421100206                              100206000000000750006500016000000000000270663101130206              0000000000000000000000000000000000000000000000007500000000000000000000000000001130206                         0000000000000000000000000                                             000161
102021974950001161584870000003760                             82091113169      000                        1421100206                              100306000000000750006500016000000000000270663101130206              0000000000000000000000000000000000000000000000007500000000000000000000000000001130206                         0000000000000000000000000                                             000162
102021974950001161584870000003760                             82091204130      000                        1421100206                              101205000000000750010400540000000000000125647101130206              0000000000000000000000000000000000000000000000008084000000000058400000000000001130206                         0000000000000000000000000                                             000163
102021974950001161584870000003760                             82091207155      000                        1421100206                              100206000000000750010400540000000000000125647101130206              0000000000000000000000000000000000000000000000007500000000000000000000000000001130206                         0000000000000000000000000                                             000164
102021974950001161584870000003760                             82091210156      000                        1421100206                              100206000000000750010400540000000000000125647101130206              0000000000000000000000000000000000000000000000007500000000000000000000000000001130206                         0000000000000000000000000                                             000165
102021974950001161584870000003760                             82091216154      000                        1421100206                              100206000000000750010400540000000000000125647101130206              0000000000000000000000000000000000000000000000007500000000000000000000000000001130206                         0000000000000000000000000                                             000166
102021974950001161584870000003760                             82091220151      000                        1421100206                              100206000000000750010400540000000000000125647101130206              0000000000000000000000000000000000000000000000007500000000000000000000000000001130206                         0000000000000000000000000                                             000167
102021974950001161584870000003760                             82110106142      000                        1421100206                              100206000000000750010407765000000000000125647101130206              0000000000000000000000000000000000000000000000007500000000000000000000000000001130206                         0000000000000000000000000                                             000168
102021974950001161584870000003760                             82110113149      000                        1421100206                              100206000000000750000110286000000000000270663101130206              0000000000000000000000000000000000000000000000007500000000000000000000000000001130206                         0000000000000000000000000                                             000169
102021974950001161584870000003760                             82110115141      000                        1421100206                              100206000000000750010407765000000000000125647101130206              0000000000000000000000000000000000000000000000007500000000000000000000000000001130206                         0000000000000000000000000                                             000170
102021974950001161584870000003760                             82110201145      000                        1421100206                              100206000000000450010407765000000000000125620101130206              0000000000000000000000000000000000000000000000004500000000000000000000000000001130206                         0000000000000000000000000                                             000171
102021974950001161584870000003760                             82110202141      000                        1421100206                              100206000000000450007347476000000000000270663101130206              0000000000000000000000000000000000000000000000004500000000000000000000000000001130206                         0000000000000000000000000                                             000172
102021974950001161584870000003760                             82110208140      000                        1421100206                              100206000000000450010407765000000000000125620101130206              0000000000000000000000000000000000000000000000004500000000000000000000000000001130206                         0000000000000000000000000                                             000173
102021974950001161584870000003760                             82110209146      000                        1421100206                              100206000000000450023716956000000000000270663101130206              0000000000000000000000000000000000000000000000004500000000000000000000000000001130206                         0000000000000000000000000                                             000174
102021974950001161584870000003760                             82110211140      000                        1421100206                              100206000000000450010407765000000000000125620101130206              0000000000000000000000000000000000000000000000004500000000000000000000000000001130206                         0000000000000000000000000                                             000175
102021974950001161584870000003760                             82110214140      000                        1421100206                              100206000000000450007347476000000000000270663101130206              0000000000000000000000000000000000000000000000004500000000000000000000000000001130206                         0000000000000000000000000                                             000176
102021974950001161584870000003760                             82110215146      000                        1421100206                              100206000000000450007347476000000000000270663101130206              0000000000000000000000000000000000000000000000004500000000000000000000000000001130206                         0000000000000000000000000                                             000177
102021974950001161584870000003760                             82110216134      000                        1421100206                              100106000000000450010407765000000000000125647101130206              0000000000000000000000000000000000000000000000004714000000000021400000000000001130206                         0000000000000000000000000                                             000178
102021974950001161584870000003760                             82110216142      000                        1421100206                              100206000000000450010407765000000000000125647101130206              0000000000000000000000000000000000000000000000004500000000000000000000000000001130206                         0000000000000000000000000                                             000179
102021974950001161584870000003760                             82110217149      000                        1421100206                              100206000000000450010407765000000000000125620101130206              0000000000000000000000000000000000000000000000004500000000000000000000000000001130206                         0000000000000000000000000                                             000180
102021974950001161584870000003760                             82110218145      000                        1421100206                              100206000000000450010407765000000000000125620101130206              0000000000000000000000000000000000000000000000004500000000000000000000000000001130206                         0000000000000000000000000                                             000181
102021974950001161584870000003760                             82110219141      000                        1421100206                              100206000000000450007347476000000000000270663101130206              0000000000000000000000000000000000000000000000004500000000000000000000000000001130206                         0000000000000000000000000                                             000182
102021974950001161584870000003760                             82110222134      000                        1421100206                              100106000000000450010407765000000000000240655100100206              0000000000000000000000000000000000000000000000004604000000000010400000000000001100206                         0000000000000000000000000                                             000183
102021974950001161584870000003760                             82110223149      000                        1421100206                              100206000000000450010407765000000000000125620101130206              0000000000000000000000000000000000000000000000004500000000000000000000000000001130206                         0000000000000000000000000                                             000184
102021974950001161584870000003760                             82110229139      000                        1421100206                              100206000000000450007347476000000000000270663101130206              0000000000000000000000000000000000000000000000004500000000000000000000000000001130206                         0000000000000000000000000                                             000185
102021974950001161584870000003760                             82110303142      000                        1421100206                              100206000000000860010407765000000000000125647101130206              0000000000000000000000000000000000000000000000008600000000000000000000000000001130206                         0000000000000000000000000                                             000186
102021974950001161584870000003760                             82110304149      000                        1421100206                              100206000000000860075641796000000000000270663101130206              0000000000000000000000000000000000000000000000008600000000000000000000000000001130206                         0000000000000000000000000                                             000187
102021974950001161584870000003760                             82110308144      000                        1421100206                              100206000000000860010407765000000000000125647101130206              0000000000000000000000000000000000000000000000008600000000000000000000000000001130206                         0000000000000000000000000                                             000188
102021974950001161584870000003760                             82110311145      000                        1421100206                              100206000000000860010407765000000000000125647101130206              0000000000000000000000000000000000000000000000008600000000000000000000000000001130206                         0000000000000000000000000                                             000189
102021974950001161584870000003760                             82110329141      000                        1421100206                              100206000000000860006500016000000000000270663101130206              0000000000000000000000000000000000000000000000008600000000000000000000000000001130206                         0000000000000000000000000                                             000190
102021974950001161584870000003760                             82110335141      000                        1421100206                              100206000000000860023716956000000000000270663101130206              0000000000000000000000000000000000000000000000008600000000000000000000000000001130206                         0000000000000000000000000                                             000191
102021974950001161584870000003760                             82120101151      000                        1421100206                              100206000000000650010421245000000000000125647101130206              0000000000000000000000000000000000000000000000006500000000000000000000000000001130206                         0000000000000000000000000                                             000192
102021974950001161584870000003760                             82130106164      000                        1421100206                              100206000000000860006500016000000000000270663101130206              0000000000000000000000000000000000000000000000008600000000000000000000000000001130206                         0000000000000000000000000                                             000193
102021974950001161584870000003760                             82130112148      000                        1421100206                              101205000000000860010409148000000000000125647101130206              0000000000000000000000000000000000000000000000009305000000000070500000000000001130206                         0000000000000000000000000                                             000194
102021974950001161584870000003760                             82130112156      000                        1421100206                              100106000000000860010409148000000000000125647101130206              0000000000000000000000000000000000000000000000008600000000000000000000000000001130206                         0000000000000000000000000                                             000195
102021974950001161584870000003760                             82130114167      000                        1421100206                              100206000000000860010409148000000000000125647101130206              0000000000000000000000000000000000000000000000008600000000000000000000000000001130206                         0000000000000000000000000                                             000196
102021974950001161584870000003760                             82130119169      000                        1421100206                              100206000000000860074822066000000000000270663101130206              0000000000000000000000000000000000000000000000008600000000000000000000000000001130206                         0000000000000000000000000                                             000197
102021974950001161584870000003760                             82130124162      000                        1421100206                              100206000000000860010409148000000000000125647101130206              0000000000000000000000000000000000000000000000008600000000000000000000000000001130206                         0000000000000000000000000                                             000198
102021974950001161584870000003760                             82130125169      000                        1421100206                              100206000000000860023705866000000000000270663101130206              0000000000000000000000000000000000000000000000008600000000000000000000000000001130206                         0000000000000000000000000                                             000199
102021974950001161584870000003760                             82130127161      000                        1421100206                              100206000000000860002411246000000000000270663101130206              0000000000000000000000000000000000000000000000008600000000000000000000000000001130206                         0000000000000000000000000                                             000200
102021974950001161584870000003760                             82130128168      000                        1421100206                              100206000000000860023705866000000000000270663101130206              0000000000000000000000000000000000000000000000008600000000000000000000000000001130206                         0000000000000000000000000                                             000201
102021974950001161584870000003760                             82130201167      000                        1421100206                              100206000000000860000401116000000000000270663101130206              0000000000000000000000000000000000000000000000008600000000000000000000000000001130206                         0000000000000000000000000                                             000202
102021974950001161584870000003760                             82130204158      000                        1421100206                              100106000000000860010409148000000000000125647101130206              0000000000000000000000000000000000000000000000009038000000000043800000000000001130206                         0000000000000000000000000                                             000203
102021974950001161584870000003760                             82130211162      000                        1421100206                              100206000000000860010409148000000000000125647101130206              0000000000000000000000000000000000000000000000008600000000000000000000000000001130206                         0000000000000000000000000                                             000204
102021974950001161584870000003760                             82130213165      000                        1421100206                              100206000000000860010409148000000000000125647101130206              0000000000000000000000000000000000000000000000008600000000000000000000000000001130206                         0000000000000000000000000                                             000205
102021974950001161584870000003760                             82130216164      000                        1421100206                              100206000000000860010409148000000000000125647101130206              0000000000000000000000000000000000000000000000008600000000000000000000000000001130206                         0000000000000000000000000                                             000206
102021974950001161584870000003760                             82130223160      000                        1421100206                              100206000000000860010409148000000000000125647101130206              0000000000000000000000000000000000000000000000008600000000000000000000000000001130206                         0000000000000000000000000                                             000207
102021974950001161584870000003760                             82130251164      000                        1421100206                              100206000000000860023705866000000000000270663101130206              0000000000000000000000000000000000000000000000008600000000000000000000000000001130206                         0000000000000000000000000                                             000208
102021974950001161584870000003760                             82130301161      000                        1421100206                              100206000000000860010409148000000000000125647101130206              0000000000000000000000000000000000000000000000008600000000000000000000000000001130206                         0000000000000000000000000                                             000209
102021974950001161584870000003760                             82130303164      000                        1421100206                              100206000000000860010409148000000000000125647101130206              0000000000000000000000000000000000000000000000008600000000000000000000000000001130206                         0000000000000000000000000                                             000210
102021974950001161584870000003760                             82130305167      000                        1421100206                              100206000000000860010409148000000000000125647101130206              0000000000000000000000000000000000000000000000008600000000000000000000000000001130206                         0000000000000000000000000                                             000211
102021974950001161584870000003760                             82130307160      000                        1421100206                              100206000000000860010409148000000000000125647101130206              0000000000000000000000000000000000000000000000008600000000000000000000000000001130206                         0000000000000000000000000                                             000212
102021974950001161584870000003760                             82130308166      000                        1421100206                              100206000000000860075641796000000000000270663101130206              0000000000000000000000000000000000000000000000008600000000000000000000000000001130206                         0000000000000000000000000                                             000213
102021974950001161584870000003760                             82130311167      000                        1421100206                              100206000000000860000109816000000000000270663101130206              0000000000000000000000000000000000000000000000008600000000000000000000000000001130206                         0000000000000000000000000                                             000214
102021974950001161584870000003760                             82130317165      000                        1421100206                              100206000000000860010409148000000000000125647101130206              0000000000000000000000000000000000000000000000008600000000000000000000000000001130206                         0000000000000000000000000                                             000215
102021974950001161584870000003760                             82130322169      000                        1421100206                              100206000000000860010407765000000000000125647101130206              0000000000000000000000010000000000000000000000008500000000000000000000000000001130206                         0000000000000000000000000                                             000216
9201104                                                                                                                                                                                                                                                                                                                                                                                                   000217
