02RETORNO01COBRANCA       1584870000003760    IPAD                          104C ECON FEDERAL 081205                                                                                                                                                                                                                                                                                                 00096000001
102021974950001161584870000003760                             82010110121      000                        1421081205                              101205000000000750000121296000000000000270663101091205              0000000000000000000000000000000000000000000000007500000000000000000000000000001091205                         0000000000000000000000000                                             000002
102021974950001161584870000003760                             82010114127      000                        1421081205                              101205000000000750000121296000000000000270663101091205              0000000000000000000000000000000000000000000000007500000000000000000000000000001091205                         0000000000000000000000000                                             000003
102021974950001161584870000003760                             82010122120      000                        1421081205                              101205000000000750000121296000000000000270663101091205              0000000000000000000000000000000000000000000000007500000000000000000000000000001091205                         0000000000000000000000000                                             000004
102021974950001161584870000003760                             82010131129      000                        1421081205                              101205000000000750006500016000000000000270663101091205              0000000000000000000000000000000000000000000000007500000000000000000000000000001091205                         0000000000000000000000000                                             000005
102021974950001161584870000003760                             82010205122      000                        1421081205                              101205000000000420000117546000000000000270663101091205              0000000000000000000000000000000000000000000000004200000000000000000000000000001091205                         0000000000000000000000000                                             000006
102021974950001161584870000003760                             82010212129      000                        1421081205                              101205000000000420010414338000000000000125647101091205              0000000000000000000000000000000000000000000000004200000000000000000000000000001091205                         0000000000000000000000000                                             000007
102021974950001161584870000003760                             82010221128      000                        1421081205                              101205000000000420010414338000000000000125647101091205              0000000000000000000000000000000000000000000000004200000000000000000000000000001091205                         0000000000000000000000000                                             000008
102021974950001161584870000003760                             82040109130      000                        1421081205                              101205000000000430010400523000000000000125647101091205              0000000000000000000000000000000000000000000000004300000000000000000000000000001091205                         0000000000000000000000000                                             000009
102021974950001161584870000003760                             82040116136      000                        1421081205                              101205000000000860006500016000000000000270663101091205              0000000000000000000000000000000000000000000000008600000000000000000000000000001091205                         0000000000000000000000000                                             000010
102021974950001161584870000003760                             82040125135      000                        1421081205                              101205000000000860006500016000000000000270663101091205              0000000000000000000000000000000000000000000000008600000000000000000000000000001091205                         0000000000000000000000000                                             000011
102021974950001161584870000003760                             82040202130      000                        1421081205                              101205000000000430010400523000000000000125647101091205              0000000000000000000000000000000000000000000000004300000000000000000000000000001091205                         0000000000000000000000000                                             000012
102021974950001161584870000003760                             82040204132      000                        1421081205                              101205000000000860010400523000000000000125647101091205              0000000000000000000000000000000000000000000000008600000000000000000000000000001091205                         0000000000000000000000000                                             000013
102021974950001161584870000003760                             82040209134      000                        1421081205                              101205000000000430010400523000000000000125647101091205              0000000000000000000000000000000000000000000000004300000000000000000000000000001091205                         0000000000000000000000000                                             000014
102021974950001161584870000003760                             82040211139      000                        1421081205                              101205000000000430023732126000000000000270663101091205              0000000000000000000000000000000000000000000000004300000000000000000000000000001091205                         0000000000000000000000000                                             000015
102021974950001161584870000003760                             82040216130      000                        1421081205                              101205000000000860010400523000000000000125647101091205              0000000000000000000000000000000000000000000000008600000000000000000000000000001091205                         0000000000000000000000000                                             000016
102021974950001161584870000003760                             82040218133      000                        1421081205                              101205000000000430010400523000000000000125647101091205              0000000000000000000000000000000000000000000000004300000000000000000000000000001091205                         0000000000000000000000000                                             000017
102021974950001161584870000003760                             82040219130      000                        1421081205                              101205000000000430010400523000000000000125647101091205              0000000000000000000000000000000000000000000000004300000000000000000000000000001091205                         0000000000000000000000000                                             000018
102021974950001161584870000003760                             82040227132      000                        1421081205                              101205000000000430006500016000000000000270663101091205              0000000000000000000000000000000000000000000000004300000000000000000000000000001091205                         0000000000000000000000000                                             000019
102021974950001161584870000003760                             82040231130      000                        1421081205                              101205000000000430010400523000000000000125647101091205              0000000000000000000000000000000000000000000000004300000000000000000000000000001091205                         0000000000000000000000000                                             000020
102021974950001161584870000003760                             82040233132      000                        1421081205                              101205000000000430010400523000000000000125647101091205              0000000000000000000000000000000000000000000000004300000000000000000000000000001091205                         0000000000000000000000000                                             000021
102021974950001161584870000003760                             82040236131      000                        1421081205                              101205000000000860010400523000000000000125647101091205              0000000000000000000000000000000000000000000000008600000000000000000000000000001091205                         0000000000000000000000000                                             000022
102021974950001161584870000003760                             82040424124      000                        1421081205                              101205000000000860010400523000000000000125647101091205              0000000000000000000000000000000000000000000000008600000000000000000000000000001091205                         0000000000000000000000000                                             000023
102021974950001161584870000003760                             82040601131      000                        1421081205                              101205000000000860010421709000000000000125647101091205              0000000000000000000000000000000000000000000000008600000000000000000000000000001091205                         0000000000000000000000000                                             000024
102021974950001161584870000003760                             82040622139      000                        1421081205                              101205000000000860010400523000000000000125647101091205              0000000000000000000000000000000000000000000000008600000000000000000000000000001091205                         0000000000000000000000000                                             000025
102021974950001161584870000003760                             82050109132      000                        1421081205                              101205000000000400006500016000000000000270663101091205              0000000000000000000000000000000000000000000000004000000000000000000000000000001091205                         0000000000000000000000000                                             000026
102021974950001161584870000003760                             82050111137      000                        1421081205                              101205000000000400006500016000000000000270663101091205              0000000000000000000000000000000000000000000000004000000000000000000000000000001091205                         0000000000000000000000000                                             000027
102021974950001161584870000003760                             82050113130      000                        1421081205                              101205000000000400010400531000000000000125647101091205              0000000000000000000000000000000000000000000000004000000000000000000000000000001091205                         0000000000000000000000000                                             000028
102021974950001161584870000003760                             82050114136      000                        1421081205                              101205000000000400006500016000000000000270663101091205              0000000000000000000000000000000000000000000000004000000000000000000000000000001091205                         0000000000000000000000000                                             000029
102021974950001161584870000003760                             82050132134      000                        1421081205                              101205000000000400006500016000000000000270663101091205              0000000000000000000000000000000000000000000000004000000000000000000000000000001091205                         0000000000000000000000000                                             000030
102021974950001161584870000003760                             82050138132      000                        1421081205                              181205000000000400006500016000000000000270663101091205              0000000000000000000000000000000000000000000000004000000000000000000000000000001091205                         0000000000000000000000000                                             000031
102021974950001161584870000003760                             82050206138      000                        1421081205                              101205000000000400006500016000000000000270663101091205              0000000000000000000000000000000000000000000000004000000000000000000000000000001091205                         0000000000000000000000000                                             000032
102021974950001161584870000003760                             82050210135      000                        1421081205                              101205000000000400006500016000000000000270663101091205              0000000000000000000000000000000000000000000000004000000000000000000000000000001091205                         0000000000000000000000000                                             000033
102021974950001161584870000003760                             82050213134      000                        1421081205                              101205000000000400006500016000000000000270663101091205              0000000000000000000000000000000000000000000000004000000000000000000000000000001091205                         0000000000000000000000000                                             000034
102021974950001161584870000003760                             82050218136      000                        1421081205                              101205000000000400006500016000000000000270663101091205              0000000000000000000000000000000000000000000000004000000000000000000000000000001091205                         0000000000000000000000000                                             000035
102021974950001161584870000003760                             82050222133      000                        1421081205                              101205000000000400006500016000000000000270663101091205              0000000000000000000000000000000000000000000000004000000000000000000000000000001091205                         0000000000000000000000000                                             000036
102021974950001161584870000003760                             82050227135      000                        1421081205                              101205000000000400006500016000000000000270663101091205              0000000000000000000000000000000000000000000000004000000000000000000000000000001091205                         0000000000000000000000000                                             000037
102021974950001161584870000003760                             82050229138      000                        1421081205                              101205000000000400006500016000000000000270663101091205              0000000000000000000000000000000000000000000000004000000000000000000000000000001091205                         0000000000000000000000000                                             000038
102021974950001161584870000003760                             82060204120      000                        1421081205                              101205000000000860006500016000000000000270663101091205              0000000000000000000000000000000000000000000000008600000000000000000000000000001091205                         0000000000000000000000000                                             000039
102021974950001161584870000003760                             82060210120      000                        1421081205                              101205000000000860006500016000000000000270663101091205              0000000000000000000000000000000000000000000000008600000000000000000000000000001091205                         0000000000000000000000000                                             000040
102021974950001161584870000003760                             82060227120      000                        1421081205                              101205000000000860010421911000000000000125647101091205              0000000000000000000000000000000000000000000000008600000000000000000000000000001091205                         0000000000000000000000000                                             000041
102021974950001161584870000003760                             82060311120      000                        1421081205                              151205000000000860010408761000000000000240655100081205              0000000000000000000000000000000000000000000000008600000000000000000000000000001081205                         0000000000000000000000000                                             000042
102021974950001161584870000003760                             82060311139      000                        1421081205                              150106000000000860010408761000000000000240655100081205              0000000000000000000000000000000000000000000000008600000000000000000000000000001081205                         0000000000000000000000000                                             000043
102021974950001161584870000003760                             82060311147      000                        1421081205                              150206000000000860010408761000000000000240655100081205              0000000000000000000000000000000000000000000000008600000000000000000000000000001081205                         0000000000000000000000000                                             000044
102021974950001161584870000003760                             82060311155      000                        1421081205                              150306000000000860010408761000000000000240655100081205              0000000000000000000000000000000000000000000000008600000000000000000000000000001081205                         0000000000000000000000000                                             000045
102021974950001161584870000003760                             82060311163      000                        1421081205                              150406000000000860010408761000000000000240655100081205              0000000000000000000000000000000000000000000000008600000000000000000000000000001081205                         0000000000000000000000000                                             000046
102021974950001161584870000003760                             82060311171      000                        1421081205                              150506000000000860010408761000000000000240655100081205              0000000000000000000000000000000000000000000000008600000000000000000000000000001081205                         0000000000000000000000000                                             000047
102021974950001161584870000003760                             82070119133      000                        1421081205                              101205000000000860006500016000000000000270663101091205              0000000000000000000000000000000000000000000000008600000000000000000000000000001091205                         0000000000000000000000000                                             000048
102021974950001161584870000003760                             82070219138      000                        1421081205                              101205000000000860010409172000000000000125647101091205              0000000000000000000000000000000000000000000000008600000000000000000000000000001091205                         0000000000000000000000000                                             000049
102021974950001161584870000003760                             82090101132      000                        1421081205                              101205000000000750006500016000000000000270663101091205              0000000000000000000000000000000000000000000000007500000000000000000000000000001091205                         0000000000000000000000000                                             000050
102021974950001161584870000003760                             82090206139      000                        1421081205                              101205000000000750006500016000000000000270663101091205              0000000000000000000000000000000000000000000000007500000000000000000000000000001091205                         0000000000000000000000000                                             000051
102021974950001161584870000003760                             82090308136      000                        1421081205                              101205000000000750010407749000000000000125647101091205              0000000000000000000000000000000000000000000000007500000000000000000000000000001091205                         0000000000000000000000000                                             000052
102021974950001161584870000003760                             82090412138      000                        1421081205                              101205000000000750010412424000000000000125647101091205              0000000000000000000000000000000000000000000000007500000000000000000000000000001091205                         0000000000000000000000000                                             000053
102021974950001161584870000003760                             82090907137      000                        1421081205                              101205000000000375010412424000000000000125647101091205              0000000000000000000000000000000000000000000000003750000000000000000000000000001091205                         0000000000000000000000000                                             000054
102021974950001161584870000003760                             82090911134      000                        1421081205                              101205000000000375010408770000000000000125647101091205              0000000000000000000000000000000000000000000000003750000000000000000000000000001091205                         0000000000000000000000000                                             000055
102021974950001161584870000003760                             82090922136      000                        1421081205                              101205000000000375010408770000000000000125647101091205              0000000000000000000000000000000000000000000000003750000000000000000000000000001091205                         0000000000000000000000000                                             000056
102021974950001161584870000003760                             82090924139      000                        1421081205                              101205000000000375010408770000000000000125647101091205              0000000000000000000000000000000000000000000000003750000000000000000000000000001091205                         0000000000000000000000000                                             000057
102021974950001161584870000003760                             82090928134      000                        1421081205                              101205000000000375010408770000000000000125647101091205              0000000000000000000000000000000000000000000000003750000000000000000000000000001091205                         0000000000000000000000000                                             000058
102021974950001161584870000003760                             82090937133      000                        1421081205                              101205000000000375010408770000000000000125647101091205              0000000000000000000000000000000000000000000000003750000000000000000000000000001091205                         0000000000000000000000000                                             000059
102021974950001161584870000003760                             82091004130      000                        1421081205                              101205000000000375006500016000000000000270663101091205              0000000000000000000000000000000000000000000000003750000000000000000000000000001091205                         0000000000000000000000000                                             000060
102021974950001161584870000003760                             82091110135      000                        1421081205                              101205000000000750010408770000000000000125647101091205              0000000000000000000000000000000000000000000000007500000000000000000000000000001091205                         0000000000000000000000000                                             000061
102021974950001161584870000003760                             82091115137      000                        1421081205                              101205000000000750010408770000000000000125647101091205              0000000000000000000000000000000000000000000000007500000000000000000000000000001091205                         0000000000000000000000000                                             000062
102021974950001161584870000003760                             82091205136      000                        1421081205                              101205000000000750010400540000000000000125647101091205              0000000000000000000000000000000000000000000000007500000000000000000000000000001091205                         0000000000000000000000000                                             000063
102021974950001161584870000003760                             82091220135      000                        1421081205                              101205000000000750010400540000000000000125647101091205              0000000000000000000000000000000000000000000000007500000000000000000000000000001091205                         0000000000000000000000000                                             000064
102021974950001161584870000003760                             82120101135      000                        1421081205                              101205000000000650010421245000000000000125647101091205              0000000000000000000000000000000000000000000000006500000000000000000000000000001091205                         0000000000000000000000000                                             000065
102021974950001161584870000003760                             82120129137      000                        1421081205                              101205000000000650010421245000000000000125647101091205              0000000000000000000000000000000000000000000000006500000000000000000000000000001091205                         0000000000000000000000000                                             000066
102021974950001161584870000003760                             82130102142      000                        1421081205                              101205000000000860010409148000000000000125647101091205              0000000000000000000000000000000000000000000000008600000000000000000000000000001091205                         0000000000000000000000000                                             000067
102021974950001161584870000003760                             82130114140      000                        1421081205                              101205000000000860010409148000000000000125647101091205              0000000000000000000000000000000000000000000000008600000000000000000000000000001091205                         0000000000000000000000000                                             000068
102021974950001161584870000003760                             82130127145      000                        1421081205                              101205000000000860002411246000000000000270663101091205              0000000000000000000000000000000000000000000000008600000000000000000000000000001091205                         0000000000000000000000000                                             000069
102021974950001161584870000003760                             82130209133      000                        1421081205                              101105000000000860010409148000000000000240655100081205              0000000000000000000000000000000000000000000000009033000000000043300000000000001081205                         0000000000000000000000000                                             000070
102021974950001161584870000003760                             82130215133      000                        1421081205                              101105000000000860010409148000000000000125647101091205              0000000000000000000000000000000000000000000000009012000000000041200000000000001091205                         0000000000000000000000000                                             000071
102021974950001161584870000003760                             82130221133      000                        1421081205                              101105000000000860010409148000000000000125647101091205              0000000000000000000000000000000000000000000000008600000000000000000000000000001091205                         0000000000000000000000000                                             000072
102021974950001161584870000003760                             82130222148      000                        1421081205                              101205000000000860010409148000000000000125647101091205              0000000000000000000000000000000000000000000000008600000000000000000000000000001091205                         0000000000000000000000000                                             000073
9201104                                                                                                                                                                                                                                                                                                                                                                                                   000074
