02RETORNO01COBRANCA       1584870000003760    IPAD                          104C ECON FEDERAL 110506                                                                                                                                                                                                                                                                                                 00200000001
102021974950001161584870000003760                             82000043103      000                        1421110506                              000000000000000760010409148000000000000125647101120506              0000000000000000000000000000000000000000000000007600000000000000000000000000001120506                         0000000000000000000000000                                             000002
102021974950001161584870000003760                             82000044681      000                        1421110506                              000000000000000760010415830000000000000240655100110506              0000000000000000000000000000000000000000000000007600000000000000000000000000001110506                         0000000000000000000000000                                             000003
102021974950001161584870000003760                             82010129175      000                        1421110506                              100506000000000750010414338000000000000125647101120506              0000000000000000000000000000000000000000000000007657000000000015700000000000001120506                         0000000000000000000000000                                             000004
102021974950001161584870000003760                             82010225166      000                        1421110506                              100406000000000420010409148000000000000125647101120506              0000000000000000000000000000000000000000000000004315000000000011500000000000001120506                         0000000000000000000000000                                             000005
102021974950001161584870000003760                             82030117172      000                        1421110506                              100506000000000750010424465000000000000125647101120506              0000000000000000000000000000000000000000000000007657000000000015700000000000001120506                         0000000000000000000000000                                             000006
102021974950001161584870000003760                             82030403116      000                        1421110506                              100406000000000760010407757000000000000125647101120506              0000000000000000000000000000000000000000000000007969000000000036900000000000001120506                         0000000000000000000000000                                             000007
102021974950001161584870000003760                             82040518153      000                        1421110506                              300406000000000860010400523000000000000125647101120506              0000000000000000000000000000000000000000000000008783000000000018300000000000001120506                         0000000000000000000000000                                             000008
102021974950001161584870000003760                             82040615175      000                        1421110506                              100406000000000860010400523000000000000240655100110506              0000000000000000000000000000000000000000000000008803000000000020300000000000001110506                         0000000000000000000000000                                             000009
102021974950001161584870000003760                             82060318176      000                        1421110506                              150506000000000860010408761000000000000125647101120506              0000000000000000000000000000000000000000000000008600000000000000000000000000001120506                         0000000000000000000000000                                             000010
102021974950001161584870000003760                             82060704122      000                        1421110506                              000000000000000860039928996000000000000270663101120506              0000000000000000000000000000000000000000000000008600000000000000000000000000001120506                         0000000000000000000000000                                             000011
102021974950001161584870000003760                             82060706125      000                        1421110506                              150506000000000860010400485000000000000240655100110506              0000000000000000000000000000000000000000000000008600000000000000000000000000001110506                         0000000000000000000000000                                             000012
102021974950001161584870000003760                             82070107143      000                        1421110506                              100106000000000860010400450000000000000125647101120506              0000000000000000000000000000000000000000000000009812000000000121200000000000001120506                         0000000000000000000000000                                             000013
102021974950001161584870000003760                             82070316168      000                        1421110506                              150306000000000860010409172000000000000125647101120506              0000000000000000000000000000000000000000000000009262000000000066200000000000001120506                         0000000000000000000000000                                             000014
102021974950001161584870000003760                             82070414160      000                        1421110506                              150306000000000860010415814000000000000240655100110506              0000000000000000000000000000000000000000000000009262000000000066200000000000001110506                         0000000000000000000000000                                             000015
102021974950001161584870000003760                             82070414178      000                        1421110506                              150406000000000860010415814000000000000240655100110506              0000000000000000000000000000000000000000000000008995000000000039500000000000001110506                         0000000000000000000000000                                             000016
102021974950001161584870000003760                             82090309124      000                        1421110506                              100406000000000750010400540000000000000240655100110506              0000000000000000000000000000000000000000000000007882000000000038200000000000001110506                         0000000000000000000000000                                             000017
102021974950001161584870000003760                             82090309132      000                        1421110506                              300406000000000750010400540000000000000240655100110506              0000000000000000000000000000000000000000000000007732000000000023200000000000001110506                         0000000000000000000000000                                             000018
102021974950001161584870000003760                             82090836167      000                        1421110506                              100506000000010500010408770000000000000240655100110506              0000000000000000000000000000000000000000000000107205000000000220500000000000001110506                         0000000000000000000000000                                             000019
102021974950001161584870000003760                             82110109176      000                        1421110506                              100506000000000750010407765000000000000125647101120506              0000000000000000000000000000000000000000000000007657000000000015700000000000001120506                         0000000000000000000000000                                             000020
102021974950001161584870000003760                             82110313172      000                        1421110506                              100506000000000860010407765000000000000125647101120506              0000000000000000000000000000000000000000000000008781000000000018100000000000001120506                         0000000000000000000000000                                             000021
9201104                                                                                                                                                                                                                                                                                                                                                                                                   000022
