02RETORNO01COBRANCA       1584870000003760    IPAD                          104C ECON FEDERAL 090206                                                                                                                                                                                                                                                                                                 00140000001
102021974950001161584870000003760                             82010108143      000                        1421090206                              100206000000000750000121296000000000000270663101100206              0000000000000000000000000000000000000000000000007500000000000000000000000000001100206                         0000000000000000000000000                                             000002
102021974950001161584870000003760                             82010118149      000                        1421090206                              100206000000000375000105706000000000000270663101100206              0000000000000000000000000000000000000000000000003750000000000000000000000000001100206                         0000000000000000000000000                                             000003
102021974950001161584870000003760                             82010137143      000                        1421090206                              100206000000000750010414338000000000000125647101100206              0000000000000000000000000000000000000000000000007500000000000000000000000000001100206                         0000000000000000000000000                                             000004
102021974950001161584870000003760                             82010208148      000                        1421090206                              100206000000000420000117546000000000000270663101100206              0000000000000000000000000000000000000000000000004200000000000000000000000000001100206                         0000000000000000000000000                                             000005
102021974950001161584870000003760                             82010211149      000                        1421090206                              100206000000000420000117546000000000000270663101100206              0000000000000000000000000000000000000000000000004200000000000000000000000000001100206                         0000000000000000000000000                                             000006
102021974950001161584870000003760                             82010214148      000                        1421090206                              100206000000000420000117546000000000000270663101100206              0000000000000000000000000000000000000000000000004200000000000000000000000000001100206                         0000000000000000000000000                                             000007
102021974950001161584870000003760                             82010220148      000                        1421090206                              100206000000000420007347476000000000000270663101100206              0000000000000000000000000000000000000000000000004200000000000000000000000000001100206                         0000000000000000000000000                                             000008
102021974950001161584870000003760                             82030107142      000                        1421090206                              100206000000000750023732106000000000000270663101100206              0000000000000000000000000000000000000000000000007500000000000000000000000000001100206                         0000000000000000000000000                                             000009
102021974950001161584870000003760                             82030110143      000                        1421090206                              100206000000000750010424465000000000000125647101100206              0000000000000000000000000000000000000000000000007500000000000000000000000000001100206                         0000000000000000000000000                                             000010
102021974950001161584870000003760                             82030120149      000                        1421090206                              100206000000000750010424465000000000000125647101100206              0000000000000000000000000000000000000000000000007500000000000000000000000000001100206                         0000000000000000000000000                                             000011
102021974950001161584870000003760                             82040112157      000                        1421090206                              100206000000000430000110126000000000000270663101100206              0000000000000000000000000000000000000000000000004300000000000000000000000000001100206                         0000000000000000000000000                                             000012
102021974950001161584870000003760                             82040115156      000                        1421090206                              000000000000000430039928996000000000000270663101100206              0000000000000000000000000000000000000000000000004300000000000000000000000000001100206                         0000000000000000000000000                                             000013
102021974950001161584870000003760                             82040118155      000                        1421090206                              100206000000000430010400523000000000000125647101100206              0000000000000000000000000000000000000000000000004300000000000000000000000000001100206                         0000000000000000000000000                                             000014
102021974950001161584870000003760                             82040121156      000                        1421090206                              100206000000000430010400523000000000000125647101100206              0000000000000000000000000000000000000000000000004300000000000000000000000000001100206                         0000000000000000000000000                                             000015
102021974950001161584870000003760                             82040201150      000                        1421090206                              100206000000000430010400523000000000000125647101100206              0000000000000000000000000000000000000000000000004300000000000000000000000000001100206                         0000000000000000000000000                                             000016
102021974950001161584870000003760                             82040202156      000                        1421090206                              100206000000000430006500016000000000000270663101100206              0000000000000000000000000000000000000000000000004300000000000000000000000000001100206                         0000000000000000000000000                                             000017
102021974950001161584870000003760                             82040222157      000                        1421090206                              100206000000000430006500016000000000000270663101100206              0000000000000000000000000000000000000000000000004300000000000000000000000000001100206                         0000000000000000000000000                                             000018
102021974950001161584870000003760                             82040224150      000                        1421090206                              100206000000000430010400523000000000000125647101100206              0000000000000000000000000000000000000000000000004300000000000000000000000000001100206                         0000000000000000000000000                                             000019
102021974950001161584870000003760                             82040234155      000                        1421090206                              100206000000000430002410606000000000000270663101100206              0000000000000000000000000000000000000000000000004300000000000000000000000000001100206                         0000000000000000000000000                                             000020
102021974950001161584870000003760                             82040238150      000                        1421090206                              100206000000000860010400523000000000000125647101100206              0000000000000000000000000000000000000000000000008600000000000000000000000000001100206                         0000000000000000000000000                                             000021
102021974950001161584870000003760                             82040306156      000                        1421090206                              100206000000000360010400523000000000000125647101100206              0000000000000000000000000000000000000000000000003600000000000000000000000000001100206                         0000000000000000000000000                                             000022
102021974950001161584870000003760                             82040321147      000                        1421090206                              100106000000000360010400523000000000000125647101100206              0000000000000000000000000000000000000000000000003795000000000019500000000000001100206                         0000000000000000000000000                                             000023
102021974950001161584870000003760                             82040502150      000                        1421090206                              100206000000000860006500016000000000000270663101100206              0000000000000000000000000000000000000000000000008600000000000000000000000000001100206                         0000000000000000000000000                                             000024
102021974950001161584870000003760                             82040513143      000                        1421090206                              100106000000000860010400523000000000000125647101100206              0000000000000000000000000000000000000000000000008875000000000027500000000000001100206                         0000000000000000000000000                                             000025
102021974950001161584870000003760                             82040529155      000                        1421090206                              100206000000000860006500016000000000000270663101100206              0000000000000000000000000000000000000000000000008600000000000000000000000000001100206                         0000000000000000000000000                                             000026
102021974950001161584870000003760                             82040623151      000                        1421090206                              000000000000000860039928996000000000000270663101100206              0000000000000000000000000000000000000000000000008600000000000000000000000000001100206                         0000000000000000000000000                                             000027
102021974950001161584870000003760                             82050101158      000                        1421090206                              100206000000000400010412955000000000000125647101100206              0000000000000000000000000000000000000000000000004000000000000000000000000000001100206                         0000000000000000000000000                                             000028
102021974950001161584870000003760                             82050107156      000                        1421090206                              100206000000000400010400531000000000000125647101100206              0000000000000000000000000000000000000000000000004000000000000000000000000000001100206                         0000000000000000000000000                                             000029
102021974950001161584870000003760                             82050108152      000                        1421090206                              100206000000000400007347476000000000000270663101100206              0000000000000000000000000000000000000000000000004000000000000000000000000000001100206                         0000000000000000000000000                                             000030
102021974950001161584870000003760                             82050128153      000                        1421090206                              100206000000000400010400531000000000000125647101100206              0000000000000000000000000000000000000000000000004000000000000000000000000000001100206                         0000000000000000000000000                                             000031
102021974950001161584870000003760                             82050213150      000                        1421090206                              100206000000000400006500016000000000000270663101100206              0000000000000000000000000000000000000000000000004000000000000000000000000000001100206                         0000000000000000000000000                                             000032
102021974950001161584870000003760                             82050214157      000                        1421090206                              100206000000000400007347476000000000000270663101100206              0000000000000000000000000000000000000000000000004000000000000000000000000000001100206                         0000000000000000000000000                                             000033
102021974950001161584870000003760                             82050217156      000                        1421090206                              100206000000000400006500016000000000000270663101100206              0000000000000000000000000000000000000000000000004000000000000000000000000000001100206                         0000000000000000000000000                                             000034
102021974950001161584870000003760                             82050310156      000                        1421090206                              100206000000000860006500016000000000000270663101100206              0000000000000000000000000000000000000000000000008600000000000000000000000000001100206                         0000000000000000000000000                                             000035
102021974950001161584870000003760                             82050316154      000                        1421090206                              100206000000000860006500016000000000000270663101100206              0000000000000000000000000000000000000000000000008600000000000000000000000000001100206                         0000000000000000000000000                                             000036
102021974950001161584870000003760                             82050329159      000                        1421090206                              100206000000000860000116666000000000000270663101100206              0000000000000000000000000000000000000000000000008600000000000000000000000000001100206                         0000000000000000000000000                                             000037
102021974950001161584870000003760                             82060101169      000                        1421090206                              000000000000000860039928996000000000000270663101100206              0000000000000000000000000000000000000000000000008600000000000000000000000000001100206                         0000000000000000000000000                                             000038
102021974950001161584870000003760                             82060137163      000                        1421090206                              150206000000000860010410308000000000000240655100090206              0000000000000000000000000000000000000000000000008600000000000000000000000000001090206                         0000000000000000000000000                                             000039
102021974950001161584870000003760                             82060148165      000                        1421090206                              150206000000000860010430171000000000000125647101100206              0000000000000000000000000000000000000000000000008600000000000000000000000000001100206                         0000000000000000000000000                                             000040
102021974950001161584870000003760                             82060149161      000                        1421090206                              100206000000000860006500016000000000000270663101100206              0000000000000000000000000000000000000000000000008600000000000000000000000000001100206                         0000000000000000000000000                                             000041
102021974950001161584870000003760                             82060221148      000                        1421090206                              100206000000000860010421911000000000000125647101100206              0000000000000000000000000000000000000000000000008600000000000000000000000000001100206                         0000000000000000000000000                                             000042
102021974950001161584870000003760                             82060235149      000                        1421090206                              100206000000000860010421911000000000000125647101100206              0000000000000000000000000000000000000000000000008600000000000000000000000000001100206                         0000000000000000000000000                                             000043
102021974950001161584870000003760                             82060327140      000                        1421090206                              150206000000000860010408761000000000000125647101100206              0000000000000000000000000000000000000000000000008600000000000000000000000000001100206                         0000000000000000000000000                                             000044
102021974950001161584870000003760                             82070110152      000                        1421090206                              100206000000000860010400450000000000000125647101100206              0000000000000000000000000000000000000000000000008600000000000000000000000000001100206                         0000000000000000000000000                                             000045
102021974950001161584870000003760                             82070116126      000                        1421090206                              101105000000000860010410308000000000000240655100090206              0000000000000000000000000000000000000000000000009555000000000095500000000000001090206                         0000000000000000000000000                                             000046
102021974950001161584870000003760                             82070116134      000                        1421090206                              101205000000000860010410308000000000000240655100090206              0000000000000000000000000000000000000000000000009297000000000069700000000000001090206                         0000000000000000000000000                                             000047
102021974950001161584870000003760                             82070116142      000                        1421090206                              100106000000000860010410308000000000000240655100090206              0000000000000000000000000000000000000000000000009030000000000043000000000000001090206                         0000000000000000000000000                                             000048
102021974950001161584870000003760                             82070230158      000                        1421090206                              100206000000000860010400477000000000000125647101100206              0000000000000000000000000000000000000000000000008600000000000000000000000000001100206                         0000000000000000000000000                                             000049
102021974950001161584870000003760                             82090124159      000                        1421090206                              100206000000000750006500016000000000000270663101100206              0000000000000000000000000000000000000000000000007500000000000000000000000000001100206                         0000000000000000000000000                                             000050
102021974950001161584870000003760                             82090125155      000                        1421090206                              100206000000000750006500016000000000000270663101100206              0000000000000000000000000000000000000000000000007500000000000000000000000000001100206                         0000000000000000000000000                                             000051
102021974950001161584870000003760                             82090209154      000                        1421090206                              100206000000000750010400540000000000000125647101100206              0000000000000000000000000000000000000000000000007500000000000000000000000000001100206                         0000000000000000000000000                                             000052
102021974950001161584870000003760                             82090213143      000                        1421090206                              100106000000000750010400540000000000000125647101100206              0000000000000000000000000000000000000000000000007875000000000037500000000000001100206                         0000000000000000000000000                                             000053
102021974950001161584870000003760                             82090227152      000                        1421090206                              100206000000000750010400540000000000000125647101100206              0000000000000000000000000000000000000000000000007500000000000000000000000000001100206                         0000000000000000000000000                                             000054
102021974950001161584870000003760                             82090306150      000                        1421090206                              100206000000000750007347476000000000000270663101100206              0000000000000000000000000000000000000000000000007500000000000000000000000000001100206                         0000000000000000000000000                                             000055
102021974950001161584870000003760                             82090325154      000                        1421090206                              100206000000000750010407749000000000000125647101100206              0000000000000000000000000000000000000000000000007500000000000000000000000000001100206                         0000000000000000000000000                                             000056
102021974950001161584870000003760                             82090419140      000                        1421090206                              100106000000000750010400540000000000000125647101100206              0000000000000000000000000000000000000000000000007875000000000037500000000000001100206                         0000000000000000000000000                                             000057
102021974950001161584870000003760                             82090420157      000                        1421090206                              100206000000000750010400540000000000000125647101100206              0000000000000000000000000000000000000000000000007500000000000000000000000000001100206                         0000000000000000000000000                                             000058
102021974950001161584870000003760                             82090428158      000                        1421090206                              100206000000000750010400540000000000000125647101100206              0000000000000000000000000000000000000000000000007500000000000000000000000000001100206                         0000000000000000000000000                                             000059
102021974950001161584870000003760                             82090431159      000                        1421090206                              100206000000000750010400540000000000000125647101100206              0000000000000000000000000000000000000000000000007500000000000000000000000000001100206                         0000000000000000000000000                                             000060
102021974950001161584870000003760                             82090505152      000                        1421090206                              100206000000000375010408770000000000000125647101100206              0000000000000000000000000000000000000000000000003750000000000000000000000000001100206                         0000000000000000000000000                                             000061
102021974950001161584870000003760                             82090515158      000                        1421090206                              100206000000000750006500016000000000000270663101100206              0000000000000000000000000000000000000000000000007500000000000000000000000000001100206                         0000000000000000000000000                                             000062
102021974950001161584870000003760                             82090601151      000                        1421090206                              100206000000000375006500016000000000000270663101100206              0000000000000000000000000000000000000000000000003750000000000000000000000000001100206                         0000000000000000000000000                                             000063
102021974950001161584870000003760                             82090611157      000                        1421090206                              100206000000000375010408770000000000000125647101100206              0000000000000000000000000000000000000000000000003750000000000000000000000000001100206                         0000000000000000000000000                                             000064
102021974950001161584870000003760                             82090612153      000                        1421090206                              100206000000000375006500016000000000000270663101100206              0000000000000000000000000000000000000000000000003750000000000000000000000000001100206                         0000000000000000000000000                                             000065
102021974950001161584870000003760                             82090613150      000                        1421090206                              100206000000000375006500016000000000000270663101100206              0000000000000000000000000000000000000000000000003750000000000000000000000000001100206                         0000000000000000000000000                                             000066
102021974950001161584870000003760                             82090621152      000                        1421090206                              100206000000000375006500016000000000000270663101100206              0000000000000000000000000000000000000000000000003750000000000000000000000000001100206                         0000000000000000000000000                                             000067
102021974950001161584870000003760                             82090703159      000                        1421090206                              100206000000000750010408770000000000000125647101100206              0000000000000000000000000000000000000000000000007500000000000000000000000000001100206                         0000000000000000000000000                                             000068
102021974950001161584870000003760                             82090713154      000                        1421090206                              100206000000000750010408770000000000000125647101100206              0000000000000000000000000000000000000000000000007500000000000000000000000000001100206                         0000000000000000000000000                                             000069
102021974950001161584870000003760                             82090714150      000                        1421090206                              100206000000000750006500016000000000000270663101100206              0000000000000000000000000000000000000000000000007500000000000000000000000000001100206                         0000000000000000000000000                                             000070
102021974950001161584870000003760                             82090716153      000                        1421090206                              000000000000000750039928996000000000000270663101100206              0000000000000000000000000000000000000000000000007500000000000000000000000000001100206                         0000000000000000000000000                                             000071
102021974950001161584870000003760                             82090729158      000                        1421090206                              100206000000000750010408770000000000000125647101100206              0000000000000000000000000000000000000000000000007500000000000000000000000000001100206                         0000000000000000000000000                                             000072
102021974950001161584870000003760                             82090818134      000                        1421090206                              100206000000000450006500016000000000000270663101100206              0000000000000000000000000000000000000000000000004500000000000000000000000000001100206                         0000000000000000000000000                                             000073
102021974950001161584870000003760                             82090905150      000                        1421090206                              100206000000000375006500016000000000000270663101100206              0000000000000000000000000000000000000000000000003750000000000000000000000000001100206                         0000000000000000000000000                                             000074
102021974950001161584870000003760                             82090917159      000                        1421090206                              100206000000000375010408770000000000000125647101100206              0000000000000000000000000000000000000000000000003750000000000000000000000000001100206                         0000000000000000000000000                                             000075
102021974950001161584870000003760                             82090937150      000                        1421090206                              100206000000000375010408770000000000000125647101100206              0000000000000000000000000000000000000000000000003750000000000000000000000000001100206                         0000000000000000000000000                                             000076
102021974950001161584870000003760                             82091027130      000                        1421090206                              101205000000000375010408770000000000000125647101100206              0000000000000000000000000000000000000000000000004055000000000030500000000000001100206                         0000000000000000000000000                                             000077
102021974950001161584870000003760                             82091027149      000                        1421090206                              100106000000000375010408770000000000000125647101100206              0000000000000000000000000000000000000000000000003945000000000019500000000000001100206                         0000000000000000000000000                                             000078
102021974950001161584870000003760                             82091038159      000                        1421090206                              100206000000000750010408770000000000000125647101100206              0000000000000000000000000000000000000000000000007500000000000000000000000000001100206                         0000000000000000000000000                                             000079
102021974950001161584870000003760                             82091108157      000                        1421090206                              100206000000000750006500016000000000000270663101100206              0000000000000000000000000000000000000000000000007500000000000000000000000000001100206                         0000000000000000000000000                                             000080
102021974950001161584870000003760                             82091115153      000                        1421090206                              100206000000000750010408770000000000000125647101100206              0000000000000000000000000000000000000000000000007500000000000000000000000000001100206                         0000000000000000000000000                                             000081
102021974950001161584870000003760                             82091202153      000                        1421090206                              100206000000000750010400540000000000000125647101100206              0000000000000000000000000000000000000000000000007500000000000000000000000000001100206                         0000000000000000000000000                                             000082
102021974950001161584870000003760                             82091219153      000                        1421090206                              100206000000000750010400540000000000000125647101100206              0000000000000000000000000000000000000000000000007500000000000000000000000000001100206                         0000000000000000000000000                                             000083
102021974950001161584870000003760                             82110105146      000                        1421090206                              100206000000000750023732106000000000000270663101100206              0000000000000000000000000000000000000000000000007500000000000000000000000000001100206                         0000000000000000000000000                                             000084
102021974950001161584870000003760                             82110114145      000                        1421090206                              100206000000000750023732106000000000000270663101100206              0000000000000000000000000000000000000000000000007500000000000000000000000000001100206                         0000000000000000000000000                                             000085
102021974950001161584870000003760                             82110116148      000                        1421090206                              100206000000000750010407765000000000000125647101100206              0000000000000000000000000000000000000000000000007500000000000000000000000000001100206                         0000000000000000000000000                                             000086
102021974950001161584870000003760                             82110205140      000                        1421090206                              100206000000000450010407765000000000000125620101100206              0000000000000000000000000000000000000000000000004500000000000000000000000000001100206                         0000000000000000000000000                                             000087
102021974950001161584870000003760                             82110210144      000                        1421090206                              100206000000000450010407765000000000000125620101100206              0000000000000000000000000000000000000000000000004500000000000000000000000000001100206                         0000000000000000000000000                                             000088
102021974950001161584870000003760                             82110220140      000                        1421090206                              100206000000000450010407765000000000000125620101100206              0000000000000000000000000000000000000000000000004500000000000000000000000000001100206                         0000000000000000000000000                                             000089
102021974950001161584870000003760                             82110221146      000                        1421090206                              100206000000000450010407765000000000000125620101100206              0000000000000000000000000000000000000000000000004500000000000000000000000000001100206                         0000000000000000000000000                                             000090
102021974950001161584870000003760                             82110316147      000                        1421090206                              100206000000000860006500016000000000000270663101100206              0000000000000000000000000000000000000000000000008600000000000000000000000000001100206                         0000000000000000000000000                                             000091
102021974950001161584870000003760                             82110328145      000                        1421090206                              100206000000000860010407765000000000000125647101100206              0000000000000000000000000000000000000000000000008600000000000000000000000000001100206                         0000000000000000000000000                                             000092
102021974950001161584870000003760                             82110332134      000                        1421090206                              100106000000000860010407765000000000000125647101100206              0000000000000000000000000000000000000000000000008600000000000000000000000000001100206                         0000000000000000000000000                                             000093
102021974950001161584870000003760                             82110332142      000                        1421090206                              100206000000000860000108706000000000000270663101100206              0000000000000000000000000000000000000000000000008600000000000000000000000000001100206                         0000000000000000000000000                                             000094
102021974950001161584870000003760                             82110332150      000                        1421090206                              100306000000000860000108706000000000000270663101100206              0000000000000000000000000000000000000000000000008600000000000000000000000000001100206                         0000000000000000000000000                                             000095
102021974950001161584870000003760                             82130121163      000                        1421090206                              100206000000000860010409148000000000000125647101100206              0000000000000000000000000000000000000000000000008600000000000000000000000000001100206                         0000000000000000000000000                                             000096
102021974950001161584870000003760                             82130226160      000                        1421090206                              100206000000000860010409148000000000000125620101100206              0000000000000000000000000000000000000000000000008600000000000000000000000000001100206                         0000000000000000000000000                                             000097
102021974950001161584870000003760                             82130226178      000                        1421090206                              100306000000000860010409148000000000000125620101100206              0000000000000000000000000000000000000000000000008600000000000000000000000000001100206                         0000000000000000000000000                                             000098
102021974950001161584870000003760                             82130313160      000                        1421090206                              100206000000000860010409148000000000000125647101100206              0000000000000000000000000000000000000000000000008600000000000000000000000000001100206                         0000000000000000000000000                                             000099
102021974950001161584870000003760                             82130320166      000                        1421090206                              100206000000000860010409148000000000000125647101100206              0000000000000000000000000000000000000000000000008600000000000000000000000000001100206                         0000000000000000000000000                                             000100
9201104                                                                                                                                                                                                                                                                                                                                                                                                   000101
