02RETORNO01COBRANCA       1584870000003760    IPAD                          104C ECON FEDERAL 120906                                                                                                                                                                                                                                                                                                 00286000001
102021974950001161584870000003760                             82000048369      000                        1421120906                              000000000000000760000141966000000000000270663101130906              0000000000000000000000000000000000000000000000007600000000000000000000000000001130906                         0000000000000000000000000                                             000002
102021974950001161584870000003760                             82000048482      000                        1421120906                              000000000000000760000141966000000000000270663101130906              0000000000000000000000000000000000000000000000007600000000000000000000000000001130906                         0000000000000000000000000                                             000003
102021974950001161584870000003760                             82010310139      000                        1421120906                              100806000000000660010409148000000000000125647101130906              0000000000000000000000000000000000000000000000006745000000000014500000000000001130906                         0000000000000000000000000                                             000004
102021974950001161584870000003760                             82010310147      000                        1421120906                              100906000000000660010409148000000000000125647101130906              0000000000000000000000000000000000000000000000006745000000000014500000000000001130906                         0000000000000000000000000                                             000005
102021974950001161584870000003760                             82010312140      000                        1421120906                              100906000000000660010409148000000000000125647101130906              0000000000000000000000000000000000000000000000006738000000000013800000000000001130906                         0000000000000000000000000                                             000006
102021974950001161584870000003760                             82010315149      000                        1421120906                              100906000000000660000110606000000000000270663101130906              0000000000000000000000000000000000000000000000006600000000000000000000000000001130906                         0000000000000000000000000                                             000007
102021974950001161584870000003760                             82010319144      000                        1421120906                              100906000000000660010409148000000000000125647101130906              0000000000000000000000000000000000000000000000006738000000000013800000000000001130906                         0000000000000000000000000                                             000008
102021974950001161584870000003760                             82030215140      000                        1421120906                              100906000000000760010409156000000000000125647101130906              0000000000000000000000000000000000000000000000007600000000000000000000000000001130906                         0000000000000000000000000                                             000009
102021974950001161584870000003760                             82030225145      000                        1421120906                              100906000000000760010409156000000000000240655100120906              0000000000000000000000000000000000000000000000007600000000000000000000000000001120906                         0000000000000000000000000                                             000010
102021974950001161584870000003760                             82030230149      000                        1421120906                              100906000000000760010409156000000000000125647101130906              0000000000000000000000000000000000000000000000007600000000000000000000000000001130906                         0000000000000000000000000                                             000011
102021974950001161584870000003760                             82030312161      000                        1421120906                              300806000000000860010409156000000000000125647101130906              0000000000000000000000000000000000000000000000008876000000000027600000000000001130906                         0000000000000000000000000                                             000012
102021974950001161584870000003760                             82030434160      000                        1421120906                              100906000000000760010407757000000000000125647101130906              0000000000000000000000000000000000000000000000007766000000000016600000000000001130906                         0000000000000000000000000                                             000013
102021974950001161584870000003760                             82030510133      000                        1421120906                              150906000000000760007347476000000000000270663101130906              0000000000000000000000000000000000000000000000007600000000000000000000000000001130906                         0000000000000000000000000                                             000014
102021974950001161584870000003760                             82030840117      000                        1421120906                              130906000000016720000111626000000000000270663101130906              0000000000000000000000000000000000000000000000167200000000000000000000000000001130906                         0000000000000000000000000                                             000015
102021974950001161584870000003760                             82030918132      000                        1421120906                              100906000000000760010407757000000000000125647101130906              0000000000000000000000000000000000000000000000007766000000000016600000000000001130906                         0000000000000000000000000                                             000016
102021974950001161584870000003760                             82060518124      000                        1421120906                              100806000000000760010409440000000000000125647101130906              0000000000000000000000000000000000000000000000007983000000000038300000000000001130906                         0000000000000000000000000                                             000017
102021974950001161584870000003760                             82060518132      000                        1421120906                              100906000000000760010409440000000000000125647101130906              0000000000000000000000000000000000000000000000007766000000000016600000000000001130906                         0000000000000000000000000                                             000018
102021974950001161584870000003760                             82060525139      000                        1421120906                              100906000000000760010410308000000000000125647101130906              0000000000000000000000000000000000000000000000007600000000000000000000000000001130906                         0000000000000000000000000                                             000019
102021974950001161584870000003760                             82060603164      000                        1421120906                              150906000000000750010412424000000000000125647101130906              0000000000000000000000000000000000000000000000007500000000000000000000000000001130906                         0000000000000000000000000                                             000020
102021974950001161584870000003760                             82070619144      000                        1421120906                              210806000000000760010405592000000000000125647101130906              0000000000000000000000000000000000000000000000007919000000000031900000000000001130906                         0000000000000000000000000                                             000021
102021974950001161584870000003760                             82071217120      000                        1421120906                              100806000000000760010412947000000000000240655100120906              0000000000000000000000000000000000000000000000008003000000000040300000000000001120906                         0000000000000000000000000                                             000022
9201104                                                                                                                                                                                                                                                                                                                                                                                                   000023
