02RETORNO01COBRANCA       1584870000003760    IPAD                          104C ECON FEDERAL 080207                                                                                                                                                                                                                                                                                                 00387000001
102021974950001161584870000003760                             82030522174      000                        1421080207                              150107000000000760010409148000000000000125647101090207              0000000000000000000000000000000000000000000000007770000000000017000000000000001090207                         0000000000000000000000000                                             000002
102021974950001161584870000003760                             82031025123      000                        1421080207                              300107000000000760010409857000000000000240655100080207              0000000000000000000000000000000000000000000000007850000000000025000000000000001080207                         0000000000000000000000000                                             000003
102021974950001161584870000003760                             82031026138      000                        1421080207                              280207000000000760010409148000000000000125647101090207              0000000000000000000000000000000000000000000000007600000000000000000000000000001090207                         0000000000000000000000000                                             000004
102021974950001161584870000003760                             82031115149      000                        1421080207                              100207000000000760010424465000000000000240655100080207              0000000000000000000000000000000000000000000000007600000000000000000000000000001080207                         0000000000000000000000000                                             000005
102021974950001161584870000003760                             82070702173      000                        1421080207                              200107000000000760010405592000000000000125647101090207              0000000000000000000000000000000000000000000000007896000000000029600000000000001090207                         0000000000000000000000000                                             000006
102021974950001161584870000003760                             82111002146      000                        1421080207                              110207000000000760010407765000000000000125647101090207              0000000000000000000000000000000000000000000000007600000000000000000000000000001090207                         0000000000000000000000000                                             000007
102021974950001161584870000003760                             82111024140      000                        1421080207                              110207000000000760010407765000000000000125647101090207              0000000000000000000000000000000000000000000000007600000000000000000000000000001090207                         0000000000000000000000000                                             000008
102021974950001161584870000003760                             82130403150      000                        1421080207                              100207000000000760010409148000000000000125620101090207              0000000000000000000000000000000000000000000000007600000000000000000000000000001090207                         0000000000000000000000000                                             000009
102021974950001161584870000003760                             82130408152      000                        1421080207                              100207000000000760006500016000000000000270663101090207              0000000000000000000000000000000000000000000000007600000000000000000000000000001090207                         0000000000000000000000000                                             000010
102021974950001161584870000003760                             82130412150      000                        1421080207                              100207000000000760023705866000000000000270663101090207              0000000000000000000000000000000000000000000000007600000000000000000000000000001090207                         0000000000000000000000000                                             000011
102021974950001161584870000003760                             82130436148      000                        1421080207                              100207000000000760010407765000000000000125647101090207              0000000000000000000000000000000000000000000000007600000000000000000000000000001090207                         0000000000000000000000000                                             000012
9201104                                                                                                                                                                                                                                                                                                                                                                                                   000013
