02RETORNO01COBRANCA       1584870000003760    IPAD                          104C ECON FEDERAL 121206                                                                                                                                                                                                                                                                                                 00348000001
102021974950001161584870000003760                             82010303175      000                        1421121206                              101206000000000660010409148000000000000125647101131206              0000000000000000000000000000000000000000000000006752000000000015200000000000001131206                         0000000000000000000000000                                             000002
102021974950001161584870000003760                             82010329174      000                        1421121206                              161206000000002100000110606000000000000270663101131206              0000000000000000000000000000000000000000000000021000000000000000000000000000001131206                         0000000000000000000000000                                             000003
102021974950001161584870000003760                             82030229175      000                        1421121206                              101206000000000760075641796000000000000270663101131206              0000000000000000000000000000000000000000000000007600000000000000000000000000001131206                         0000000000000000000000000                                             000004
102021974950001161584870000003760                             82030305173      000                        1421121206                              300906000000000860010409156000000000000125647101131206              0000000000000000000000000000000000000000000000009356000000000075600000000000001131206                         0000000000000000000000000                                             000005
102021974950001161584870000003760                             82030321152      000                        1421121206                              201206000000000860075641796000000000000270663101131206              0000000000000000000000000000000000000000000000008600000000000000000000000000001131206                         0000000000000000000000000                                             000006
102021974950001161584870000003760                             82030321160      000                        1421121206                              201206000000000860075641796000000000000270663101131206              0000000000000000000000000000000000000000000000008600000000000000000000000000001131206                         0000000000000000000000000                                             000007
102021974950001161584870000003760                             82030321179      000                        1421121206                              201206000000000860075641796000000000000270663101131206              0000000000000000000000000000000000000000000000008600000000000000000000000000001131206                         0000000000000000000000000                                             000008
102021974950001161584870000003760                             82030803157      000                        1421121206                              151206000000000760010409156000000000000125647101131206              0000000000000000000000000000000000000000000000007600000000000000000000000000001131206                         0000000000000000000000000                                             000009
102021974950001161584870000003760                             82030919163      000                        1421121206                              101206000000000760010407757000000000000125647101131206              0000000000000000000000000000000000000000000000007767000000000016700000000000001131206                         0000000000000000000000000                                             000010
102021974950001161584870000003760                             82031101121      000                        1421121206                              101206000000000760010424465000000000000240655100121206              0000000000000000000000000000000000000000000000007754000000000015400000000000001121206                         0000000000000000000000000                                             000011
102021974950001161584870000003760                             82031103124      000                        1421121206                              101206000000000760010424465000000000000125647101131206              0000000000000000000000000000000000000000000000007766000000000016600000000000001131206                         0000000000000000000000000                                             000012
102021974950001161584870000003760                             82031113120      000                        1421121206                              101206000000000760010424465000000000000240655100121206              0000000000000000000000000000000000000000000000007754000000000015400000000000001121206                         0000000000000000000000000                                             000013
102021974950001161584870000003760                             82031122129      000                        1421121206                              101206000000000760010424465000000000000240655100121206              0000000000000000000000000000000000000000000000007754000000000015400000000000001121206                         0000000000000000000000000                                             000014
102021974950001161584870000003760                             82031124121      000                        1421121206                              101206000000000760010424465000000000000125647101131206              0000000000000000000000000000000000000000000000007766000000000016600000000000001131206                         0000000000000000000000000                                             000015
102021974950001161584870000003760                             82060404161      000                        1421121206                              101206000000000760010430171000000000000125647101131206              0000000000000000000000000000000000000000000000007767000000000016700000000000001131206                         0000000000000000000000000                                             000016
102021974950001161584870000003760                             82060506169      000                        1421121206                              101206000000000760010409237000000000000125647101131206              0000000000000000000000000000000000000000000000007767000000000016700000000000001131206                         0000000000000000000000000                                             000017
102021974950001161584870000003760                             82060529150      000                        1421121206                              101106000000000760010400485000000000000125647101131206              0000000000000000000000000000000000000000000000007767000000000016700000000000001131206                         0000000000000000000000000                                             000018
102021974950001161584870000003760                             82060705170      000                        1421121206                              151006000000000860010400477000000000000125647101131206              0000000000000000000000000000000000000000000000009294000000000069400000000000001131206                         0000000000000000000000000                                             000019
102021974950001161584870000003760                             82060925161      000                        1421121206                              101206000000000760010412947000000000000125647101131206              0000000000000000000000000000000000000000000000007767000000000016700000000000001131206                         0000000000000000000000000                                             000020
102021974950001161584870000003760                             82070727168      000                        1421121206                              201206000000000760010405592000000000000125647101131206              0000000000000000000000000000000000000000000000007600000000000000000000000000001131206                         0000000000000000000000000                                             000021
102021974950001161584870000003760                             82110412162      000                        1421121206                              250906000000000750010408125000000000000125647101131206              0000000000000000000000000000000000000000000000008196000000000069600000000000001131206                         0000000000000000000000000                                             000022
102021974950001161584870000003760                             82110412170      000                        1421121206                              250906000000000750010408125000000000000125647101131206              0000000000000000000000000000000000000000000000008196000000000069600000000000001131206                         0000000000000000000000000                                             000023
102021974950001161584870000003760                             82111002120      000                        1421121206                              111206000000000760010407765000000000000125647101131206              0000000000000000000000000000000000000000000000007759000000000015900000000000001131206                         0000000000000000000000000                                             000024
102021974950001161584870000003760                             82111003126      000                        1421121206                              111206000000000760010407765000000000000125647101131206              0000000000000000000000000000000000000000000000007759000000000015900000000000001131206                         0000000000000000000000000                                             000025
102021974950001161584870000003760                             82130409132      000                        1421121206                              101206000000000760010409148000000000000125647101131206              0000000000000000000000000000000000000000000000007752000000000015200000000000001131206                         0000000000000000000000000                                             000026
102021974950001161584870000003760                             82130419138      000                        1421121206                              101206000000000760010409148000000000000125647101131206              0000000000000000000000000000000000000000000000007754000000000015400000000000001131206                         0000000000000000000000000                                             000027
102021974950001161584870000003760                             82130437128      000                        1421121206                              101206000000000760010409148000000000000125647101131206              0000000000000000000000000000000000000000000000007760000000000016000000000000001131206                         0000000000000000000000000                                             000028
9201104                                                                                                                                                                                                                                                                                                                                                                                                   000029
