02RETORNO01COBRANCA       1584870000003760    IPAD                          104C ECON FEDERAL 111206                                                                                                                                                                                                                                                                                                 00347000001
102021974950001161584870000003760                             82000049497      000                        1421111206                              000000000000000760010409156000000000000125647101121206              0000000000000000000000000000000000000000000000007600000000000000000000000000001121206                         0000000000000000000000000                                             000002
102021974950001161584870000003760                             82000049713      000                        1421111206                              000000000000000760010409156000000000000125647101121206              0000000000000000000000000000000000000000000000007600000000000000000000000000001121206                         0000000000000000000000000                                             000003
102021974950001161584870000003760                             82000049721      000                        1421111206                              000000000000000760010409156000000000000125647101121206              0000000000000000000000000000000000000000000000007600000000000000000000000000001121206                         0000000000000000000000000                                             000004
102021974950001161584870000003760                             82000050118      000                        1421111206                              000000000000000760039928996000000000000270663101121206              0000000000000000000000000000000000000000000000007600000000000000000000000000001121206                         0000000000000000000000000                                             000005
102021974950001161584870000003760                             82010319179      000                        1421111206                              101206000000000660006500016000000000000270663101121206              0000000000000000000000000000000000000000000000006600000000000000000000000000001121206                         0000000000000000000000000                                             000006
102021974950001161584870000003760                             82030207171      000                        1421111206                              101206000000000760010409156000000000000125647101121206              0000000000000000000000000000000000000000000000007600000000000000000000000000001121206                         0000000000000000000000000                                             000007
102021974950001161584870000003760                             82030212175      000                        1421111206                              101206000000000760010409156000000000000125647101121206              0000000000000000000000000000000000000000000000007600000000000000000000000000001121206                         0000000000000000000000000                                             000008
102021974950001161584870000003760                             82030217177      000                        1421111206                              101206000000000760006500016000000000000270663101121206              0000000000000000000000000000000000000000000000007600000000000000000000000000001121206                         0000000000000000000000000                                             000009
102021974950001161584870000003760                             82030220178      000                        1421111206                              101206000000000760010409156000000000000125647101121206              0000000000000000000000000000000000000000000000007600000000000000000000000000001121206                         0000000000000000000000000                                             000010
102021974950001161584870000003760                             82030546162      000                        1421111206                              151206000000000760006500016000000000000270663101121206              0000000000000000000000000000000000000000000000007600000000000000000000000000001121206                         0000000000000000000000000                                             000011
102021974950001161584870000003760                             82030718141      000                        1421111206                              101106000000000760010409148000000000000125647101121206              0000000000000000000000000000000000000000000000007987000000000038700000000000001121206                         0000000000000000000000000                                             000012
102021974950001161584870000003760                             82030727159      000                        1421111206                              101206000000000760006500016000000000000270663101121206              0000000000000000000000000000000000000000000000007600000000000000000000000000001121206                         0000000000000000000000000                                             000013
102021974950001161584870000003760                             82030728155      000                        1421111206                              000000000000000760039928996000000000000270663101121206              0000000000000000000000000000000000000000000000007600000000000000000000000000001121206                         0000000000000000000000000                                             000014
102021974950001161584870000003760                             82030731156      000                        1421111206                              101206000000000760035610386000000000000270663101121206              0000000000000000000000000000000000000000000000007600000000000000000000000000001121206                         0000000000000000000000000                                             000015
102021974950001161584870000003760                             82030901167      000                        1421111206                              101206000000000760010407757000000000000125647101121206              0000000000000000000000000000000000000000000000007600000000000000000000000000001121206                         0000000000000000000000000                                             000016
102021974950001161584870000003760                             82030906169      000                        1421111206                              101206000000000760010407757000000000000125647101121206              0000000000000000000000000000000000000000000000007600000000000000000000000000001121206                         0000000000000000000000000                                             000017
102021974950001161584870000003760                             82030908170      000                        1421111206                              100107000000000760010407757000000000000125647101121206              0000000000000000000000000000000000000000000000007600000000000000000000000000001121206                         0000000000000000000000000                                             000018
102021974950001161584870000003760                             82030916164      000                        1421111206                              101206000000000760010407757000000000000125647101121206              0000000000000000000000000000000000000000000000007600000000000000000000000000001121206                         0000000000000000000000000                                             000019
102021974950001161584870000003760                             82030921168      000                        1421111206                              101206000000000760010407757000000000000125647101121206              0000000000000000000000000000000000000000000000007600000000000000000000000000001121206                         0000000000000000000000000                                             000020
102021974950001161584870000003760                             82030923160      000                        1421111206                              101206000000000760010407757000000000000125647101121206              0000000000000000000000000000000000000000000000007600000000000000000000000000001121206                         0000000000000000000000000                                             000021
102021974950001161584870000003760                             82030929169      000                        1421111206                              101206000000000760010407757000000000000125647101121206              0000000000000000000000000000000000000000000000007600000000000000000000000000001121206                         0000000000000000000000000                                             000022
102021974950001161584870000003760                             82031119128      000                        1421111206                              101206000000000760010424465000000000000125647101121206              0000000000000000000000000000000000000000000000007600000000000000000000000000001121206                         0000000000000000000000000                                             000023
102021974950001161584870000003760                             82031121122      000                        1421111206                              101206000000000760010424465000000000000125647101121206              0000000000000000000000000000000000000000000000007600000000000000000000000000001121206                         0000000000000000000000000                                             000024
102021974950001161584870000003760                             82031125128      000                        1421111206                              101206000000000760010424465000000000000125647101121206              0000000000000000000000000000000000000000000000007600000000000000000000000000001121206                         0000000000000000000000000                                             000025
102021974950001161584870000003760                             82031128127      000                        1421111206                              101206000000000760010424465000000000000240655100111206              0000000000000000000000000000000000000000000000007600000000000000000000000000001111206                         0000000000000000000000000                                             000026
102021974950001161584870000003760                             82060410161      000                        1421111206                              101206000000000760010410286000000000000125647101121206              0000000000000000000000000000000000000000000000007600000000000000000000000000001121206                         0000000000000000000000000                                             000027
102021974950001161584870000003760                             82060412156      000                        1421111206                              101106000000000760010430171000000000000125647101121206              0000000000000000000000000000000000000000000000007600000000000000000000000000001121206                         0000000000000000000000000                                             000028
102021974950001161584870000003760                             82060515168      000                        1421111206                              101206000000000760010409172000000000000125647101121206              0000000000000000000000000000000000000000000000007600000000000000000000000000001121206                         0000000000000000000000000                                             000029
102021974950001161584870000003760                             82060524167      000                        1421111206                              000000000000000760039928996000000000000270663101121206              0000000000000000000000000000000000000000000000007600000000000000000000000000001121206                         0000000000000000000000000                                             000030
102021974950001161584870000003760                             82060525163      000                        1421111206                              101206000000000760006500016000000000000270663101121206              0000000000000000000000000000000000000000000000007600000000000000000000000000001121206                         0000000000000000000000000                                             000031
102021974950001161584870000003760                             82060902161      000                        1421111206                              101206000000000760010400493000000000000240655100111206              0000000000000000000000000000000000000000000000007600000000000000000000000000001111206                         0000000000000000000000000                                             000032
102021974950001161584870000003760                             82060906167      000                        1421111206                              101206000000000760010400469000000000000125647101121206              0000000000000000000000000000000000000000000000007600000000000000000000000000001121206                         0000000000000000000000000                                             000033
102021974950001161584870000003760                             82060912140      000                        1421111206                              101006000000000760010400469000000000000125647101121206              0000000000000000000000000000000000000000000000007600000000000000000000000000001121206                         0000000000000000000000000                                             000034
102021974950001161584870000003760                             82060912159      000                        1421111206                              101106000000000760010400469000000000000125647101121206              0000000000000000000000000000000000000000000000007600000000000000000000000000001121206                         0000000000000000000000000                                             000035
102021974950001161584870000003760                             82060913163      000                        1421111206                              101206000000000760010400450000000000000125647101121206              0000000000000000000000000000000000000000000000007600000000000000000000000000001121206                         0000000000000000000000000                                             000036
102021974950001161584870000003760                             82060916162      000                        1421111206                              101206000000000760010400450000000000000125647101121206              0000000000000000000000000000000000000000000000007600000000000000000000000000001121206                         0000000000000000000000000                                             000037
102021974950001161584870000003760                             82060917169      000                        1421111206                              101206000000000760010400477000000000000125647101121206              0000000000000000000000000000000000000000000000007600000000000000000000000000001121206                         0000000000000000000000000                                             000038
102021974950001161584870000003760                             82060928152      000                        1421111206                              101206000000000760010410308000000000000125647101121206              0000000000000000000000000000000000000000000000007600000000000000000000000000001121206                         0000000000000000000000000                                             000039
102021974950001161584870000003760                             82071215160      000                        1421111206                              101206000000000760010412947000000000000125647101121206              0000000000000000000000000000000000000000000000007600000000000000000000000000001121206                         0000000000000000000000000                                             000040
102021974950001161584870000003760                             82071219166      000                        1421111206                              101206000000000760010400450000000000000125647101121206              0000000000000000000000000000000000000000000000007600000000000000000000000000001121206                         0000000000000000000000000                                             000041
102021974950001161584870000003760                             82071231166      000                        1421111206                              101206000000000760010400485000000000000125647101121206              0000000000000000000000000000000000000000000000007600000000000000000000000000001121206                         0000000000000000000000000                                             000042
102021974950001161584870000003760                             82071232162      000                        1421111206                              101206000000000760010400450000000000000125647101121206              0000000000000000000000000000000000000000000000007600000000000000000000000000001121206                         0000000000000000000000000                                             000043
102021974950001161584870000003760                             82071303124      000                        1421111206                              101206000000000760010421245000000000000125647101121206              0000000000000000000000000000000000000000000000007600000000000000000000000000001121206                         0000000000000000000000000                                             000044
102021974950001161584870000003760                             82071305127      000                        1421111206                              101206000000000760023721166000000000000270663101121206              0000000000000000000000000000000000000000000000007600000000000000000000000000001121206                         0000000000000000000000000                                             000045
102021974950001161584870000003760                             82071306123      000                        1421111206                              101206000000000760010421245000000000000125647101121206              0000000000000000000000000000000000000000000000007600000000000000000000000000001121206                         0000000000000000000000000                                             000046
102021974950001161584870000003760                             82071319128      000                        1421111206                              101206000000000760010421245000000000000125647101121206              0000000000000000000000000000000000000000000000007600000000000000000000000000001121206                         0000000000000000000000000                                             000047
102021974950001161584870000003760                             82071323125      000                        1421111206                              101206000000000760010421245000000000000125647101121206              0000000000000000000000000000000000000000000000007600000000000000000000000000001121206                         0000000000000000000000000                                             000048
102021974950001161584870000003760                             82071328127      000                        1421111206                              101206000000000760035610286000000000000270663101121206              0000000000000000000000000000000000000000000000007600000000000000000000000000001121206                         0000000000000000000000000                                             000049
102021974950001161584870000003760                             82111010122      000                        1421111206                              111206000000000760010407765000000000000125647101121206              0000000000000000000000000000000000000000000000007600000000000000000000000000001121206                         0000000000000000000000000                                             000050
102021974950001161584870000003760                             82111011129      000                        1421111206                              111206000000000760023716956000000000000270663101121206              0000000000000000000000000000000000000000000000007600000000000000000000000000001121206                         0000000000000000000000000                                             000051
102021974950001161584870000003760                             82111012125      000                        1421111206                              111206000000000760010407765000000000000125647101121206              0000000000000000000000000000000000000000000000007600000000000000000000000000001121206                         0000000000000000000000000                                             000052
102021974950001161584870000003760                             82111019120      000                        1421111206                              111206000000000760006500016000000000000270663101121206              0000000000000000000000000000000000000000000000007600000000000000000000000000001121206                         0000000000000000000000000                                             000053
102021974950001161584870000003760                             82111024123      000                        1421111206                              111206000000000760010407765000000000000125647101121206              0000000000000000000000000000000000000000000000007600000000000000000000000000001121206                         0000000000000000000000000                                             000054
102021974950001161584870000003760                             82111025120      000                        1421111206                              111206000000000760010407765000000000000125647101121206              0000000000000000000000000000000000000000000000007600000000000000000000000000001121206                         0000000000000000000000000                                             000055
102021974950001161584870000003760                             82130408136      000                        1421111206                              101206000000000760006500016000000000000270663101121206              0000000000000000000000000000000000000000000000007600000000000000000000000000001121206                         0000000000000000000000000                                             000056
102021974950001161584870000003760                             82130412133      000                        1421111206                              101206000000000760010409148000000000000125647101121206              0000000000000000000000000000000000000000000000007600000000000000000000000000001121206                         0000000000000000000000000                                             000057
102021974950001161584870000003760                             82130414136      000                        1421111206                              101206000000000760006500016000000000000270663101121206              0000000000000000000000000000000000000000000000007600000000000000000000000000001121206                         0000000000000000000000000                                             000058
102021974950001161584870000003760                             82130427130      000                        1421111206                              101206000000000760006500016000000000000270663101121206              0000000000000000000000000000000000000000000000007600000000000000000000000000001121206                         0000000000000000000000000                                             000059
102021974950001161584870000003760                             82130428137      000                        1421111206                              101206000000000760023705866000000000000270663101121206              0000000000000000000000000000000000000000000000007600000000000000000000000000001121206                         0000000000000000000000000                                             000060
102021974950001161584870000003760                             82130435125      000                        1421111206                              101206000000000760010407765000000000000125647101121206              0000000000000000000000000000000000000000000000007600000000000000000000000000001121206                         0000000000000000000000000                                             000061
102021974950001161584870000003760                             82130438124      000                        1421111206                              101206000000000760010407765000000000000125647101121206              0000000000000000000000000000000000000000000000007600000000000000000000000000001121206                         0000000000000000000000000                                             000062
9201104                                                                                                                                                                                                                                                                                                                                                                                                   000063
