02RETORNO01COBRANCA       1584870000003760    IPAD                          104C ECON FEDERAL 131006                                                                                                                                                                                                                                                                                                 00308000001
102021974950001161584870000003760                             82000048873      000                        1421061006                              000000000000000760010407765000000000000125647101111006              0000000000000000000000000000000000000000000000007600000000000000000000000000001111006                         0000000000000000000000000                                             000002
102021974950001161584870000003760                             82010303159      000                        1421131006                              101006000000000660010409148000000000000125647101161006              0000000000000000000000000000000000000000000000006752000000000015200000000000001161006                         0000000000000000000000000                                             000003
102021974950001161584870000003760                             82010319152      000                        1421131006                              101006000000000660010409148000000000000125647101161006              0000000000000000000000000000000000000000000000006745000000000014500000000000001161006                         0000000000000000000000000                                             000004
102021974950001161584870000003760                             82030209158      000                        1421131006                              101006000000000760010409156000000000000125647101161006              0000000000000000000000000000000000000000000000007774000000000017400000000000001161006                         0000000000000000000000000                                             000005
102021974950001161584870000003760                             82030213155      000                        1421131006                              101006000000000760010407374000000000000125647101161006              0000000000000000000000000000000000000000000000007767000000000016700000000000001161006                         0000000000000000000000000                                             000006
102021974950001161584870000003760                             82030405135      000                        1421131006                              100606000000000760010407757000000000000125647101161006              0000000000000000000000000000000000000000000000008613000000000101300000000000001161006                         0000000000000000000000000                                             000007
102021974950001161584870000003760                             82030405143      000                        1421131006                              100706000000000760010407757000000000000125647101161006              0000000000000000000000000000000000000000000000008403000000000080300000000000001161006                         0000000000000000000000000                                             000008
102021974950001161584870000003760                             82030509143      000                        1421131006                              151006000000000760010409156000000000000125647101161006              0000000000000000000000000000000000000000000000007600000000000000000000000000001161006                         0000000000000000000000000                                             000009
102021974950001161584870000003760                             82030530142      000                        1421131006                              151006000000000760000121336000000000000270663101161006              0000000000000000000000000000000000000000000000007600000000000000000000000000001161006                         0000000000000000000000000                                             000010
102021974950001161584870000003760                             82030714138      000                        1421131006                              101006000000000760010409148000000000000125647101161006              0000000000000000000000000000000000000000000000007774000000000017400000000000001161006                         0000000000000000000000000                                             000011
102021974950001161584870000003760                             82030721126      000                        1421131006                              100906000000000760010409148000000000000125647101161006              0000000000000000000000000000000000000000000000007600000000000000000000000000001161006                         0000000000000000000000000                                             000012
102021974950001161584870000003760                             82030816135      000                        1421131006                              151006000000000760010409156000000000000125647101161006              0000000000000000000000000000000000000000000000007600000000000000000000000000001161006                         0000000000000000000000000                                             000013
102021974950001161584870000003760                             82030913149      000                        1421131006                              101006000000000760010407757000000000000125647101161006              0000000000000000000000000000000000000000000000007774000000000017400000000000001161006                         0000000000000000000000000                                             000014
102021974950001161584870000003760                             82030917144      000                        1421131006                              101006000000000760010407757000000000000125647101161006              0000000000000000000000000000000000000000000000007774000000000017400000000000001161006                         0000000000000000000000000                                             000015
102021974950001161584870000003760                             82030923144      000                        1421131006                              101006000000000760010407757000000000000125647101161006              0000000000000000000000000000000000000000000000007775000000000017500000000000001161006                         0000000000000000000000000                                             000016
102021974950001161584870000003760                             82060412148      000                        1421131006                              101006000000000760010430171000000000000125647101161006              0000000000000000000000000000000000000000000000007774000000000017400000000000001161006                         0000000000000000000000000                                             000017
102021974950001161584870000003760                             82060723160      000                        1421131006                              151006000000000860006500016000000000000270663101161006              0000000000000000000000000000000000000000000000008600000000000000000000000000001161006                         0000000000000000000000000                                             000018
102021974950001161584870000003760                             82060918149      000                        1421131006                              101006000000000760010400450000000000000125647101161006              0000000000000000000000000000000000000000000000007776000000000017600000000000001161006                         0000000000000000000000000                                             000019
102021974950001161584870000003760                             82070626159      000                        1421131006                              210906000000000760010405592000000000000125647101161006              0000000000000000000000000000000000000000000000007926000000000032600000000000001161006                         0000000000000000000000000                                             000020
102021974950001161584870000003760                             82070628143      000                        1421131006                              210806000000000760010405592000000000000125647101161006              0000000000000000000000000000000000000000000000008155000000000055500000000000001161006                         0000000000000000000000000                                             000021
102021974950001161584870000003760                             82070704141      000                        1421131006                              201006000000000760006500016000000000000270663101161006              0000000000000000000000000000000000000000000000007600000000000000000000000000001161006                         0000000000000000000000000                                             000022
102021974950001161584870000003760                             82110412154      000                        1421131006                              250806000000000750010408125000000000000125647101161006              0000000000000000000000000000000000000000000000007979000000000047900000000000001161006                         0000000000000000000000000                                             000023
102021974950001161584870000003760                             82130411110      000                        1421131006                              101006000000000760010409148000000000000125647101161006              0000000000000000000000000000000000000000000000007980000000000038000000000000001161006                         0000000000000000000000000                                             000024
102021974950001161584870000003760                             82130426118      000                        1421131006                              101006000000000760010409148000000000000125647101161006              0000000000000000000000000000000000000000000000007774000000000017400000000000001161006                         0000000000000000000000000                                             000025
9201104                                                                                                                                                                                                                                                                                                                                                                                                   000026
