02RETORNO01COBRANCA       1584870000003760    IPAD                          104C ECON FEDERAL 130606                                                                                                                                                                                                                                                                                                 00223000001
102021974950001161584870000003760                             82010306115      000                        1421130606                              160606000000000660010409148000000000000125647101140606              0000000000000000000000000000000000000000000000006600000000000000000000000000001140606                         0000000000000000000000000                                             000002
102021974950001161584870000003760                             82030204130      000                        1421130606                              100806000000000760006500016000000000000270663101140606              0000000000000000000000000000000000000000000000007600000000000000000000000000001140606                         0000000000000000000000000                                             000003
102021974950001161584870000003760                             82030206116      000                        1421130606                              100606000000000760010409156000000000000125647101140606              0000000000000000000000000000000000000000000000007775000000000017500000000000001140606                         0000000000000000000000000                                             000004
102021974950001161584870000003760                             82030317139      000                        1421130606                              300506000000000860010409156000000000000125647101140606              0000000000000000000000000000000000000000000000008884000000000028400000000000001140606                         0000000000000000000000000                                             000005
102021974950001161584870000003760                             82060601137      000                        1421130606                              150606000000000750010412424000000000000125647101140606              0000000000000000000000000000000000000000000000007500000000000000000000000000001140606                         0000000000000000000000000                                             000006
102021974950001161584870000003760                             82110126160      000                        1421130606                              100406000000000750010407765000000000000125647101140606              0000000000000000000000000000000000000000000000008130000000000063000000000000001140606                         0000000000000000000000000                                             000007
102021974950001161584870000003760                             82110126178      000                        1421130606                              100506000000000750010407765000000000000125647101140606              0000000000000000000000000000000000000000000000007905000000000040500000000000001140606                         0000000000000000000000000                                             000008
102021974950001161584870000003760                             82110735123      000                        1421130606                              250506000000000750010407765000000000000125647101140606              0000000000000000000000000000000000000000000000007802000000000030200000000000001140606                         0000000000000000000000000                                             000009
9201104                                                                                                                                                                                                                                                                                                                                                                                                   000010
