02RETORNO01COBRANCA       1584870000003760    IPAD                          104C ECON FEDERAL 131106                                                                                                                                                                                                                                                                                                 00328000001
102021974950001161584870000003760                             82000049837      000                        1421131106                              000000000000000760010409156000000000000125647101141106              0000000000000000000000000000000000000000000000007600000000000000000000000000001141106                         0000000000000000000000000                                             000002
102021974950001161584870000003760                             82000050320      000                        1421131106                              000000000000000760010400540000000000000125647101141106              0000000000000000000000000000000000000000000000007600000000000000000000000000001141106                         0000000000000000000000000                                             000003
102021974950001161584870000003760                             82010305160      000                        1421131106                              101106000000000660010409148000000000000125647101141106              0000000000000000000000000000000000000000000000006752000000000015200000000000001141106                         0000000000000000000000000                                             000004
102021974950001161584870000003760                             82010312166      000                        1421131106                              101106000000000660010409148000000000000125647101141106              0000000000000000000000000000000000000000000000006738000000000013800000000000001141106                         0000000000000000000000000                                             000005
102021974950001161584870000003760                             82030515151      000                        1421131106                              151106000000000760010409156000000000000125620101141106              0000000000000000000000000000000000000000000000007600000000000000000000000000001141106                         0000000000000000000000000                                             000006
102021974950001161584870000003760                             82030717145      000                        1421131106                              101106000000000760010409148000000000000125647101141106              0000000000000000000000000000000000000000000000007759000000000015900000000000001141106                         0000000000000000000000000                                             000007
102021974950001161584870000003760                             82030730141      000                        1421131106                              101106000000000760010409148000000000000125647101141106              0000000000000000000000000000000000000000000000007760000000000016000000000000001141106                         0000000000000000000000000                                             000008
102021974950001161584870000003760                             82030735135      000                        1421131106                              101006000000000760010409148000000000000125647101141106              0000000000000000000000000000000000000000000000007995000000000039500000000000001141106                         0000000000000000000000000                                             000009
102021974950001161584870000003760                             82030803149      000                        1421131106                              151106000000000760000121566000000000000270663101141106              0000000000000000000000000000000000000000000000007600000000000000000000000000001141106                         0000000000000000000000000                                             000010
102021974950001161584870000003760                             82030913157      000                        1421131106                              101106000000000760010407757000000000000125647101141106              0000000000000000000000000000000000000000000000007828000000000022800000000000001141106                         0000000000000000000000000                                             000011
102021974950001161584870000003760                             82030919155      000                        1421131106                              101106000000000760010407757000000000000125647101141106              0000000000000000000000000000000000000000000000007768000000000016800000000000001141106                         0000000000000000000000000                                             000012
102021974950001161584870000003760                             82030923152      000                        1421131106                              101106000000000760010407757000000000000125647101141106              0000000000000000000000000000000000000000000000007828000000000022800000000000001141106                         0000000000000000000000000                                             000013
102021974950001161584870000003760                             82030929150      000                        1421131106                              101106000000000760010407757000000000000125647101141106              0000000000000000000000000000000000000000000000007828000000000022800000000000001141106                         0000000000000000000000000                                             000014
102021974950001161584870000003760                             82031102110      000                        1421131106                              101106000000000760010424465000000000000240655100131106              0000000000000000000000000000000000000000000000007752000000000015200000000000001131106                         0000000000000000000000000                                             000015
102021974950001161584870000003760                             82031103116      000                        1421131106                              101106000000000760010424465000000000000125647101141106              0000000000000000000000000000000000000000000000007773000000000017300000000000001141106                         0000000000000000000000000                                             000016
102021974950001161584870000003760                             82031109114      000                        1421131106                              101106000000000760010424465000000000000240655100131106              0000000000000000000000000000000000000000000000007760000000000016000000000000001131106                         0000000000000000000000000                                             000017
102021974950001161584870000003760                             82031119110      000                        1421131106                              101106000000000760010424465000000000000125647101141106              0000000000000000000000000000000000000000000000007776000000000017600000000000001141106                         0000000000000000000000000                                             000018
102021974950001161584870000003760                             82031127112      000                        1421131106                              101106000000000760010424465000000000000125647101141106              0000000000000000000000000000000000000000000000007773000000000017300000000000001141106                         0000000000000000000000000                                             000019
102021974950001161584870000003760                             82060515150      000                        1421131106                              101106000000000760010409172000000000000125647101141106              0000000000000000000000000000000000000000000000007774000000000017400000000000001141106                         0000000000000000000000000                                             000020
102021974950001161584870000003760                             82060715175      000                        1421131106                              151106000000000860010400469000000000000125647101141106              0000000000000000000000000000000000000000000000008600000000000000000000000000001141106                         0000000000000000000000000                                             000021
102021974950001161584870000003760                             82060913155      000                        1421131106                              101106000000000760010410308000000000000125647101141106              0000000000000000000000000000000000000000000000007775000000000017500000000000001141106                         0000000000000000000000000                                             000022
102021974950001161584870000003760                             82060914151      000                        1421131106                              101106000000000760010410286000000000000125647101141106              0000000000000000000000000000000000000000000000007759000000000015900000000000001141106                         0000000000000000000000000                                             000023
102021974950001161584870000003760                             82060920151      000                        1421131106                              101106000000000760010412947000000000000125647101141106              0000000000000000000000000000000000000000000000007760000000000016000000000000001141106                         0000000000000000000000000                                             000024
102021974950001161584870000003760                             82070611160      000                        1421131106                              201106000000000760010410308000000000000125647101141106              0000000000000000000000000000000000000000000000007600000000000000000000000000001141106                         0000000000000000000000000                                             000025
102021974950001161584870000003760                             82071303116      000                        1421131106                              101106000000000760010421245000000000000125647101141106              0000000000000000000000000000000000000000000000007774000000000017400000000000001141106                         0000000000000000000000000                                             000026
102021974950001161584870000003760                             82071415119      000                        1421131106                              101106000000000760010421245000000000000125647101141106              0000000000000000000000000000000000000000000000007775000000000017500000000000001141106                         0000000000000000000000000                                             000027
102021974950001161584870000003760                             82071420112      000                        1421131106                              101106000000000760010421245000000000000125647101141106              0000000000000000000000000000000000000000000000007775000000000017500000000000001141106                         0000000000000000000000000                                             000028
102021974950001161584870000003760                             82071423111      000                        1421131106                              101106000000000760010421245000000000000125647101141106              0000000000000000000000000000000000000000000000007775000000000017500000000000001141106                         0000000000000000000000000                                             000029
102021974950001161584870000003760                             82111002111      000                        1421131106                              111106000000000760010407765000000000000125647101141106              0000000000000000000000000000000000000000000000007600000000000000000000000000001141106                         0000000000000000000000000                                             000030
102021974950001161584870000003760                             82111012117      000                        1421131106                              111106000000000760010407765000000000000125647101141106              0000000000000000000000000000000000000000000000007600000000000000000000000000001141106                         0000000000000000000000000                                             000031
102021974950001161584870000003760                             82111019111      000                        1421131106                              111106000000000760010407765000000000000125647101141106              0000000000000000000000000000000000000000000000007600000000000000000000000000001141106                         0000000000000000000000000                                             000032
102021974950001161584870000003760                             82130409124      000                        1421131106                              101106000000000760010409148000000000000125647101141106              0000000000000000000000000000000000000000000000007754000000000015400000000000001141106                         0000000000000000000000000                                             000033
102021974950001161584870000003760                             82130411129      000                        1421131106                              101106000000000760010409148000000000000125647101141106              0000000000000000000000000000000000000000000000007759000000000015900000000000001141106                         0000000000000000000000000                                             000034
102021974950001161584870000003760                             82130420128      000                        1421131106                              101106000000000760010409148000000000000125647101141106              0000000000000000000000000000000000000000000000007774000000000017400000000000001141106                         0000000000000000000000000                                             000035
102021974950001161584870000003760                             82130425120      000                        1421131106                              101106000000000760010409148000000000000125647101141106              0000000000000000000000000000000000000000000000007775000000000017500000000000001141106                         0000000000000000000000000                                             000036
102021974950001161584870000003760                             82130429125      000                        1421131106                              101106000000000760010409148000000000000125647101141106              0000000000000000000000000000000000000000000000007759000000000015900000000000001141106                         0000000000000000000000000                                             000037
9201104                                                                                                                                                                                                                                                                                                                                                                                                   000038
