02RETORNO01COBRANCA       1584870000003760    IPAD                          104C ECON FEDERAL 130207                                                                                                                                                                                                                                                                                                 00390000001
102021974950001161584870000003760                             82000050398      000                        1421130207                              000000000000000800010409156000000000000125647101140207              0000000000000000000000000000000000000000000000008000000000000000000000000000001140207                         0000000000000000000000000                                             000002
102021974950001161584870000003760                             82031102144      000                        1421130207                              100207000000000760010424465000000000000240655100130207              0000000000000000000000000000000000000000000000007773000000000017300000000000001130207                         0000000000000000000000000                                             000003
102021974950001161584870000003760                             82060408175      000                        1421130207                              100107000000000760010415849000000000000240655100130207              0000000000000000000000000000000000000000000000008010000000000041000000000000001130207                         0000000000000000000000000                                             000004
102021974950001161584870000003760                             82060506177      000                        1421130207                              100107000000000760010409237000000000000125647101140207              0000000000000000000000000000000000000000000000008011000000000041100000000000001140207                         0000000000000000000000000                                             000005
102021974950001161584870000003760                             82071215179      000                        1421130207                              130207000000000760010400493000000000000125647101140207              0000000000000000000000000000000000000000000000007600000000000000000000000000001140207                         0000000000000000000000000                                             000006
102021974950001161584870000003760                             82071438143      000                        1421130207                              140207000000000760035610286000000000000270663101140207              0000000000000000000000000000000000000000000000007600000000000000000000000000001140207                         0000000000000000000000000                                             000007
102021974950001161584870000003760                             82130426150      000                        1421130207                              100207000000000760010409148000000000000125647101140207              0000000000000000000000000000000000000000000000007600000000000000000000000000001140207                         0000000000000000000000000                                             000008
9201104                                                                                                                                                                                                                                                                                                                                                                                                   000009
