02RETORNO01COBRANCA       1584870000003760    IPAD                          104C ECON FEDERAL 110806                                                                                                                                                                                                                                                                                                 00265000001
102021974950001161584870000003760                             82000046226      000                        1421110806                              000000000000000760007347476000000000000270663101140806              0000000000000000000000000000000000000000000000007600000000000000000000000000001140806                         0000000000000000000000000                                             000002
102021974950001161584870000003760                             82000046455      000                        1421110806                              000000000000000760010421245000000000000125647101140806              0000000000000000000000000000000000000000000000007600000000000000000000000000001140806                         0000000000000000000000000                                             000003
102021974950001161584870000003760                             82000046706      000                        1421110806                              000000000000000760010421245000000000000125647101140806              0000000000000000000000000000000000000000000000007600000000000000000000000000001140806                         0000000000000000000000000                                             000004
102021974950001161584870000003760                             82000046714      000                        1421110806                              000000000000000760010421245000000000000125647101140806              0000000000000000000000000000000000000000000000007600000000000000000000000000001140806                         0000000000000000000000000                                             000005
102021974950001161584870000003760                             82000046803      000                        1421110806                              000000000000000760010421245000000000000240655100110806              0000000000000000000000000000000000000000000000007600000000000000000000000000001110806                         0000000000000000000000000                                             000006
102021974950001161584870000003760                             82000046838      000                        1421110806                              000000000000000760010421245000000000000240655100110806              0000000000000000000000000000000000000000000000007600000000000000000000000000001110806                         0000000000000000000000000                                             000007
102021974950001161584870000003760                             82000046870      000                        1421110806                              000000000000000760039928996000000000000270663101140806              0000000000000000000000000000000000000000000000007600000000000000000000000000001140806                         0000000000000000000000000                                             000008
102021974950001161584870000003760                             82010303132      000                        1421110806                              100806000000000660010409148000000000000125647101140806              0000000000000000000000000000000000000000000000006733000000000013300000000000001140806                         0000000000000000000000000                                             000009
102021974950001161584870000003760                             82030232150      000                        1421110806                              101006000000000760023732156000000000000270663101140806              0000000000000000000000000000000000000000000000007600000000000000000000000000001140806                         0000000000000000000000000                                             000010
102021974950001161584870000003760                             82030309144      000                        1421110806                              300606000000000860010409156000000000000125647101140806              0000000000000000000000000000000000000000000000009108000000000050800000000000001140806                         0000000000000000000000000                                             000011
102021974950001161584870000003760                             82030416153      000                        1421110806                              100806000000000760010407757000000000000125647101140806              0000000000000000000000000000000000000000000000007759000000000015900000000000001140806                         0000000000000000000000000                                             000012
102021974950001161584870000003760                             82030417150      000                        1421110806                              100806000000000760010407757000000000000125647101140806              0000000000000000000000000000000000000000000000007759000000000015900000000000001140806                         0000000000000000000000000                                             000013
102021974950001161584870000003760                             82030424156      000                        1421110806                              100806000000000760010407757000000000000125647101140806              0000000000000000000000000000000000000000000000007828000000000022800000000000001140806                         0000000000000000000000000                                             000014
102021974950001161584870000003760                             82030434151      000                        1421110806                              100806000000000760010407757000000000000125647101140806              0000000000000000000000000000000000000000000000007828000000000022800000000000001140806                         0000000000000000000000000                                             000015
102021974950001161584870000003760                             82030911120      000                        1421110806                              100806000000000760010407757000000000000125647101140806              0000000000000000000000000000000000000000000000007828000000000022800000000000001140806                         0000000000000000000000000                                             000016
102021974950001161584870000003760                             82030917128      000                        1421110806                              100806000000000760010407757000000000000125647101140806              0000000000000000000000000000000000000000000000007760000000000016000000000000001140806                         0000000000000000000000000                                             000017
102021974950001161584870000003760                             82030919120      000                        1421110806                              100806000000000760010407757000000000000125647101140806              0000000000000000000000000000000000000000000000007760000000000016000000000000001140806                         0000000000000000000000000                                             000018
102021974950001161584870000003760                             82030920129      000                        1421110806                              100806000000000760010407757000000000000125647101140806              0000000000000000000000000000000000000000000000007760000000000016000000000000001140806                         0000000000000000000000000                                             000019
102021974950001161584870000003760                             82060515141      000                        1421110806                              101006000000000760010409172000000000000125647101140806              0000000000000000000000000000000000000000000000007600000000000000000000000000001140806                         0000000000000000000000000                                             000020
102021974950001161584870000003760                             82090925151      000                        1421110806                              300706000000000750010408770000000000000125647101140806              0000000000000000000000000000000000000000000000007734000000000023400000000000001140806                         0000000000000000000000000                                             000021
102021974950001161584870000003760                             82090925160      000                        1421110806                              300706000000000750010408770000000000000125647101140806              0000000000000000000000000000000000000000000000007734000000000023400000000000001140806                         0000000000000000000000000                                             000022
102021974950001161584870000003760                             82090925178      000                        1421110806                              300706000000000750010408770000000000000125647101140806              0000000000000000000000000000000000000000000000007734000000000023400000000000001140806                         0000000000000000000000000                                             000023
9201104                                                                                                                                                                                                                                                                                                                                                                                                   000024
