02RETORNO01COBRANCA       1584870000003760    IPAD                          104C ECON FEDERAL 120506                                                                                                                                                                                                                                                                                                 00201000001
102021974950001161584870000003760                             82000043138      000                        1421120506                              000000000000000760010409148000000000000125647101150506              0000000000000000000000000000000000000000000000007600000000000000000000000000001150506                         0000000000000000000000000                                             000002
102021974950001161584870000003760                             82000043146      000                        1421120506                              000000000000000760010409148000000000000125647101150506              0000000000000000000000000000000000000000000000007600000000000000000000000000001150506                         0000000000000000000000000                                             000003
102021974950001161584870000003760                             82000043154      000                        1421120506                              000000000000000760010409148000000000000125647101150506              0000000000000000000000000000000000000000000000007600000000000000000000000000001150506                         0000000000000000000000000                                             000004
102021974950001161584870000003760                             82000043189      000                        1421120506                              000000000000000760010409148000000000000125647101150506              0000000000000000000000000000000000000000000000007600000000000000000000000000001150506                         0000000000000000000000000                                             000005
102021974950001161584870000003760                             82000043197      000                        1421120506                              000000000000000760010409148000000000000125647101150506              0000000000000000000000000000000000000000000000007600000000000000000000000000001150506                         0000000000000000000000000                                             000006
102021974950001161584870000003760                             82000043219      000                        1421120506                              000000000000000760010409148000000000000125647101150506              0000000000000000000000000000000000000000000000007600000000000000000000000000001150506                         0000000000000000000000000                                             000007
102021974950001161584870000003760                             82000043227      000                        1421120506                              000000000000000760010409148000000000000125647101150506              0000000000000000000000000000000000000000000000007600000000000000000000000000001150506                         0000000000000000000000000                                             000008
102021974950001161584870000003760                             82000043235      000                        1421120506                              000000000000000760010409148000000000000125647101150506              0000000000000000000000000000000000000000000000007600000000000000000000000000001150506                         0000000000000000000000000                                             000009
102021974950001161584870000003760                             82000043243      000                        1421120506                              000000000000000760010409148000000000000125647101150506              0000000000000000000000000000000000000000000000007600000000000000000000000000001150506                         0000000000000000000000000                                             000010
102021974950001161584870000003760                             82000043251      000                        1421120506                              000000000000000760010409148000000000000125647101150506              0000000000000000000000000000000000000000000000007600000000000000000000000000001150506                         0000000000000000000000000                                             000011
102021974950001161584870000003760                             82000043260      000                        1421120506                              000000000000000760010409148000000000000125647101150506              0000000000000000000000000000000000000000000000007600000000000000000000000000001150506                         0000000000000000000000000                                             000012
102021974950001161584870000003760                             82000043278      000                        1421120506                              000000000000000760010409148000000000000125647101150506              0000000000000000000000000000000000000000000000007600000000000000000000000000001150506                         0000000000000000000000000                                             000013
102021974950001161584870000003760                             82000043693      000                        1421120506                              000000000000000760010409148000000000000125647101150506              0000000000000000000000000000000000000000000000007600000000000000000000000000001150506                         0000000000000000000000000                                             000014
102021974950001161584870000003760                             82000043707      000                        1421120506                              000000000000000760006500016000000000000270663101150506              0000000000000000000000000000000000000000000000007600000000000000000000000000001150506                         0000000000000000000000000                                             000015
102021974950001161584870000003760                             82000043715      000                        1421120506                              000000000000000760010409148000000000000125647101150506              0000000000000000000000000000000000000000000000007600000000000000000000000000001150506                         0000000000000000000000000                                             000016
102021974950001161584870000003760                             82000043723      000                        1421120506                              000000000000000760006500016000000000000270663101150506              0000000000000000000000000000000000000000000000007600000000000000000000000000001150506                         0000000000000000000000000                                             000017
102021974950001161584870000003760                             82000043731      000                        1421120506                              000000000000000760010409148000000000000125647101150506              0000000000000000000000000000000000000000000000007600000000000000000000000000001150506                         0000000000000000000000000                                             000018
102021974950001161584870000003760                             82000043740      000                        1421120506                              000000000000000760010409148000000000000125647101150506              0000000000000000000000000000000000000000000000007600000000000000000000000000001150506                         0000000000000000000000000                                             000019
102021974950001161584870000003760                             82000043758      000                        1421120506                              000000000000000760010409148000000000000125647101150506              0000000000000000000000000000000000000000000000007600000000000000000000000000001150506                         0000000000000000000000000                                             000020
102021974950001161584870000003760                             82000043766      000                        1421120506                              000000000000000760010409148000000000000125647101150506              0000000000000000000000000000000000000000000000007600000000000000000000000000001150506                         0000000000000000000000000                                             000021
102021974950001161584870000003760                             82000043782      000                        1421120506                              000000000000000760010409148000000000000125647101150506              0000000000000000000000000000000000000000000000007600000000000000000000000000001150506                         0000000000000000000000000                                             000022
102021974950001161584870000003760                             82000043790      000                        1421120506                              000000000000000760006500016000000000000270663101150506              0000000000000000000000000000000000000000000000007600000000000000000000000000001150506                         0000000000000000000000000                                             000023
102021974950001161584870000003760                             82000043804      000                        1421120506                              000000000000000760006500016000000000000270663101150506              0000000000000000000000000000000000000000000000007600000000000000000000000000001150506                         0000000000000000000000000                                             000024
102021974950001161584870000003760                             82000044320      000                        1421120506                              000000000000000760010400493000000000000240655100120506              0000000000000000000000000000000000000000000000007600000000000000000000000000001120506                         0000000000000000000000000                                             000025
102021974950001161584870000003760                             82010126176      000                        1421120506                              100506000000000750010414338000000000000125647101150506              0000000000000000000000000000000000000000000000007665000000000016500000000000001150506                         0000000000000000000000000                                             000026
102021974950001161584870000003760                             82030106170      000                        1421120506                              100506000000000750010424465000000000000125647101150506              0000000000000000000000000000000000000000000000007664000000000016400000000000001150506                         0000000000000000000000000                                             000027
102021974950001161584870000003760                             82030130179      000                        1421120506                              100506000000000750010424465000000000000240655100120506              0000000000000000000000000000000000000000000000007665000000000016500000000000001120506                         0000000000000000000000000                                             000028
102021974950001161584870000003760                             82030429123      000                        1421120506                              100506000000000760010407757000000000000125647101150506              0000000000000000000000000000000000000000000000007766000000000016600000000000001150506                         0000000000000000000000000                                             000029
102021974950001161584870000003760                             82060601129      000                        1421120506                              150506000000000750010412424000000000000125647101150506              0000000000000000000000000000000000000000000000007500000000000000000000000000001150506                         0000000000000000000000000                                             000030
102021974950001161584870000003760                             82060602125      000                        1421120506                              150506000000000750010412424000000000000125647101150506              0000000000000000000000000000000000000000000000007500000000000000000000000000001150506                         0000000000000000000000000                                             000031
102021974950001161584870000003760                             82060610128      000                        1421120506                              150506000000000750010412424000000000000125647101150506              0000000000000000000000000000000000000000000000007500000000000000000000000000001150506                         0000000000000000000000000                                             000032
102021974950001161584870000003760                             82060613127      000                        1421120506                              150506000000000750010412424000000000000125647101150506              0000000000000000000000000000000000000000000000007500000000000000000000000000001150506                         0000000000000000000000000                                             000033
102021974950001161584870000003760                             82070117130      000                        1421120506                              101205000000000860010430171000000000000240655100120506              0000000000000000000000000000000000000000000000010087000000000148700000000000001120506                         0000000000000000000000000                                             000034
102021974950001161584870000003760                             82070117149      000                        1421120506                              100106000000000860010430171000000000000240655100120506              0000000000000000000000000000000000000000000000009821000000000122100000000000001120506                         0000000000000000000000000                                             000035
102021974950001161584870000003760                             82070117157      000                        1421120506                              100206000000000860010430171000000000000240655100120506              0000000000000000000000000000000000000000000000009554000000000095400000000000001120506                         0000000000000000000000000                                             000036
102021974950001161584870000003760                             82070516175      000                        1421120506                              150406000000000860010406483000000000000125647101150506              0000000000000000000000000000000000000000000000009005000000000040500000000000001150506                         0000000000000000000000000                                             000037
102021974950001161584870000003760                             82090816158      000                        1421120506                              100406000000000450010408770000000000000125647101150506              0000000000000000000000000000000000000000000000004622000000000012200000000000001150506                         0000000000000000000000000                                             000038
102021974950001161584870000003760                             82090818169      000                        1421120506                              100506000000000450010408770000000000000125647101150506              0000000000000000000000000000000000000000000000004592000000000009200000000000001150506                         0000000000000000000000000                                             000039
102021974950001161584870000003760                             82090920150      000                        1421120506                              100406000000000375010412424000000000000125647101150506              0000000000000000000000000000000000000000000000003833000000000008300000000000001150506                         0000000000000000000000000                                             000040
102021974950001161584870000003760                             82091203176      000                        1421120506                              100406000000000750010400540000000000000125647101150506              0000000000000000000000000000000000000000000000007881000000000038100000000000001150506                         0000000000000000000000000                                             000041
102021974950001161584870000003760                             82110121176      000                        1421120506                              100506000000000750010407765000000000000125647101150506              0000000000000000000000000000000000000000000000007800000000000030000000000000001150506                         0000000000000000000000000                                             000042
102021974950001161584870000003760                             82110223173      000                        1421120506                              100506000000000450010407765000000000000240655100120506              0000000000000000000000000000000000000000000000004598000000000009800000000000001120506                         0000000000000000000000000                                             000043
102021974950001161584870000003760                             82110307148      000                        1421120506                              100206000000000860010407765000000000000240655100120506              0000000000000000000000000000000000000000000000009555000000000095500000000000001120506                         0000000000000000000000000                                             000044
102021974950001161584870000003760                             82110307156      000                        1421120506                              100306000000000860010407765000000000000240655100120506              0000000000000000000000000000000000000000000000009314000000000071400000000000001120506                         0000000000000000000000000                                             000045
102021974950001161584870000003760                             82110308179      000                        1421120506                              100506000000000860010407765000000000000240655100120506              0000000000000000000000000000000000000000000000008789000000000018900000000000001120506                         0000000000000000000000000                                             000046
9201104                                                                                                                                                                                                                                                                                                                                                                                                   000047
