02RETORNO01COBRANCA       1584870000003760    IPAD                          104C ECON FEDERAL 140906                                                                                                                                                                                                                                                                                                 00288000001
102021974950001161584870000003760                             82000038991      000                        1421140906                              000000000000000760010400450000000000000125647101150906              0000000000000000000000000000000000000000000000007600000000000000000000000000001150906                         0000000000000000000000000                                             000002
102021974950001161584870000003760                             82010306140      000                        1421140906                              100906000000000660010409148000000000000125647101150906              0000000000000000000000000000000000000000000000006747000000000014700000000000001150906                         0000000000000000000000000                                             000003
102021974950001161584870000003760                             82030228144      000                        1421140906                              100906000000000760010409156000000000000125647101150906              0000000000000000000000000000000000000000000000007784000000000018400000000000001150906                         0000000000000000000000000                                             000004
102021974950001161584870000003760                             82030232168      000                        1421140906                              101106000000000760010400418000000000000125620101150906              0000000000000000000000000000000000000000000000007600000000000000000000000000001150906                         0000000000000000000000000                                             000005
102021974950001161584870000003760                             82030407162      000                        1421140906                              100906000000000760010407757000000000000125647101150906              0000000000000000000000000000000000000000000000007780000000000018000000000000001150906                         0000000000000000000000000                                             000006
102021974950001161584870000003760                             82030504133      000                        1421140906                              150906000000000760007347476000000000000270663101150906              0000000000000000000000000000000000000000000000007600000000000000000000000000001150906                         0000000000000000000000000                                             000007
102021974950001161584870000003760                             82030511130      000                        1421140906                              150906000000000760010409156000000000000125620101150906              0000000000000000000000000000000000000000000000007600000000000000000000000000001150906                         0000000000000000000000000                                             000008
102021974950001161584870000003760                             82030516131      000                        1421140906                              150906000000000760010409148000000000000125620101150906              0000000000000000000000000000000000000000000000007600000000000000000000000000001150906                         0000000000000000000000000                                             000009
102021974950001161584870000003760                             82030522131      000                        1421140906                              150906000000000760010409148000000000000125620101150906              0000000000000000000000000000000000000000000000007600000000000000000000000000001150906                         0000000000000000000000000                                             000010
102021974950001161584870000003760                             82030525130      000                        1421140906                              150906000000000760010409156000000000000125620101150906              0000000000000000000000000000000000000000000000007600000000000000000000000000001150906                         0000000000000000000000000                                             000011
102021974950001161584870000003760                             82030703128      000                        1421140906                              100906000000000760010409148000000000000125647101150906              0000000000000000000000000000000000000000000000007782000000000018200000000000001150906                         0000000000000000000000000                                             000012
102021974950001161584870000003760                             82030720120      000                        1421140906                              100906000000000760010409148000000000000125647101150906              0000000000000000000000000000000000000000000000007782000000000018200000000000001150906                         0000000000000000000000000                                             000013
102021974950001161584870000003760                             82060401120      000                        1421140906                              100806000000000760010408761000000000000240655100140906              0000000000000000000000000000000000000000000000007983000000000038300000000000001140906                         0000000000000000000000000                                             000014
102021974950001161584870000003760                             82060413136      000                        1421140906                              100906000000000760010410308000000000000125647101150906              0000000000000000000000000000000000000000000000007756000000000015600000000000001150906                         0000000000000000000000000                                             000015
102021974950001161584870000003760                             82060417131      000                        1421140906                              100906000000000760010430171000000000000125647101150906              0000000000000000000000000000000000000000000000007782000000000018200000000000001150906                         0000000000000000000000000                                             000016
102021974950001161584870000003760                             82060507130      000                        1421140906                              100906000000000760010400450000000000000125647101150906              0000000000000000000000000000000000000000000000007828000000000022800000000000001150906                         0000000000000000000000000                                             000017
102021974950001161584870000003760                             82060523136      000                        1421140906                              100906000000000760010430171000000000000125647101150906              0000000000000000000000000000000000000000000000007782000000000018200000000000001150906                         0000000000000000000000000                                             000018
102021974950001161584870000003760                             82060604144      000                        1421140906                              150706000000000750010412424000000000000125647101150906              0000000000000000000000000000000000000000000000008077000000000057700000000000001150906                         0000000000000000000000000                                             000019
102021974950001161584870000003760                             82060617157      000                        1421140906                              150806000000000750010412424000000000000125647101150906              0000000000000000000000000000000000000000000000007860000000000036000000000000001150906                         0000000000000000000000000                                             000020
102021974950001161584870000003760                             82060701166      000                        1421140906                              150906000000000860006500016000000000000270663101150906              0000000000000000000000000000000000000000000000008600000000000000000000000000001150906                         0000000000000000000000000                                             000021
102021974950001161584870000003760                             82060706168      000                        1421140906                              150906000000000860010400485000000000000125647101150906              0000000000000000000000000000000000000000000000008600000000000000000000000000001150906                         0000000000000000000000000                                             000022
102021974950001161584870000003760                             82060931110      000                        1421140906                              100806000000000760010400450000000000000125647101150906              0000000000000000000000000000000000000000000000008018000000000041800000000000001150906                         0000000000000000000000000                                             000023
102021974950001161584870000003760                             82060931129      000                        1421140906                              100906000000000760010400450000000000000125647101150906              0000000000000000000000000000000000000000000000007782000000000018200000000000001150906                         0000000000000000000000000                                             000024
102021974950001161584870000003760                             82090412170      000                        1421140906                              300806000000000750010400540000000000000125647101150906              0000000000000000000000000000000000000000000000007762000000000026200000000000001150906                         0000000000000000000000000                                             000025
102021974950001161584870000003760                             82110602166      000                        1421140906                              200906000000000750010407765000000000000125647101150906              0000000000000000000000000000000000000000000000007500000000000000000000000000001150906                         0000000000000000000000000                                             000026
102021974950001161584870000003760                             82110719160      000                        1421140906                              200906000000000750000106056000000000000270663101150906              0000000000000000000000000000000000000000000000007500000000000000000000000000001150906                         0000000000000000000000000                                             000027
102021974950001161584870000003760                             82110834164      000                        1421140906                              200906000000000750035610376000000000000270663101150906              0000000000000000000000000000000000000000000000007500000000000000000000000000001150906                         0000000000000000000000000                                             000028
102021974950001161584870000003760                             82120130178      000                        1421140906                              300906000000000650010421245000000000000125647101150906              0000000000000000000000000000000000000000000000006500000000000000000000000000001150906                         0000000000000000000000000                                             000029
9201104                                                                                                                                                                                                                                                                                                                                                                                                   000030
