02RETORNO01COBRANCA       1584870000003760    IPAD                          104C ECON FEDERAL 140307                                                                                                                                                                                                                                                                                                 00408000001
102021974950001161584870000003760                             82000051866      000                        1421140307                              000000000000000800010407757000000000000125647101150307              0000000000000000000000000000000000000000000000008000000000000000000000000000001150307                         0000000000000000000000000                                             000002
102021974950001161584870000003760                             82000052870      000                        1421140307                              000000000000000800010430147000000000000125647101150307              0000000000000000000000000000000000000000000000008000000000000000000000000000001150307                         0000000000000000000000000                                             000003
102021974950001161584870000003760                             82000053214      000                        1421140307                              000000000000000800039928996000000000000270663101150307              0000000000000000000000000000000000000000000000008000000000000000000000000000001150307                         0000000000000000000000000                                             000004
102021974950001161584870000003760                             82031005130      000                        1421140307                              280207000000000760010409857000000000000240655100140307              0000000000000000000000000000000000000000000000007766000000000016600000000000001140307                         0000000000000000000000000                                             000005
102021974950001161584870000003760                             82061012135      000                        1421140307                              150307000000000380010400540000000000000125647101150307              0000000000000000000000000000000000000000000000003800000000000000000000000000001150307                         0000000000000000000000000                                             000006
102021974950001161584870000003760                             82071433150      000                        1421140307                              140307000000000760039928996000000000000270663101150307              0000000000000000000000000000000000000000000000007600000000000000000000000000001150307                         0000000000000000000000000                                             000007
102021974950001161584870000003760                             82130418166      000                        1421140307                              100307000000000760010409148000000000000125647101150307              0000000000000000000000000000000000000000000000007782000000000018200000000000001150307                         0000000000000000000000000                                             000008
102021974950001161584870000003760                             82130419162      000                        1421140307                              100307000000000760010409148000000000000125647101150307              0000000000000000000000000000000000000000000000007782000000000018200000000000001150307                         0000000000000000000000000                                             000009
9201104                                                                                                                                                                                                                                                                                                                                                                                                   000010
