02RETORNO01COBRANCA       1584870000003760    IPAD                          104C ECON FEDERAL 141206                                                                                                                                                                                                                                                                                                 00350000001
102021974950001161584870000003760                             82010305178      000                        1421141206                              101206000000000660010409148000000000000125647101151206              0000000000000000000000000000000000000000000000006758000000000015800000000000001151206                         0000000000000000000000000                                             000002
102021974950001161584870000003760                             82010327171      000                        1421141206                              101206000000000660010409148000000000000125647101151206              0000000000000000000000000000000000000000000000006752000000000015200000000000001151206                         0000000000000000000000000                                             000003
102021974950001161584870000003760                             82030201173      000                        1421141206                              101206000000000760010409156000000000000125647101151206              0000000000000000000000000000000000000000000000007766000000000016600000000000001151206                         0000000000000000000000000                                             000004
102021974950001161584870000003760                             82030234179      000                        1421141206                              101206000000000760010409156000000000000240655100141206              0000000000000000000000000000000000000000000000007782000000000018200000000000001141206                         0000000000000000000000000                                             000005
102021974950001161584870000003760                             82030507167      000                        1421141206                              151206000000000760010409148000000000000125620101151206              0000000000000000000000000000000000000000000000007600000000000000000000000000001151206                         0000000000000000000000000                                             000006
102021974950001161584870000003760                             82030530169      000                        1421141206                              151206000000000760000121336000000000000270663101151206              0000000000000000000000000000000000000000000000007600000000000000000000000000001151206                         0000000000000000000000000                                             000007
102021974950001161584870000003760                             82030551166      000                        1421141206                              151206000000000760000127026000000000000270663101151206              0000000000000000000000000000000000000000000000007600000000000000000000000000001151206                         0000000000000000000000000                                             000008
102021974950001161584870000003760                             82030701150      000                        1421141206                              101206000000000760010409148000000000000125647101151206              0000000000000000000000000000000000000000000000007782000000000018200000000000001151206                         0000000000000000000000000                                             000009
102021974950001161584870000003760                             82030729151      000                        1421141206                              101206000000000760010409148000000000000125647101151206              0000000000000000000000000000000000000000000000007782000000000018200000000000001151206                         0000000000000000000000000                                             000010
102021974950001161584870000003760                             82031127120      000                        1421141206                              101206000000000760010424465000000000000125647101151206              0000000000000000000000000000000000000000000000007780000000000018000000000000001151206                         0000000000000000000000000                                             000011
102021974950001161584870000003760                             82060413160      000                        1421141206                              101206000000000760010410308000000000000125647101151206              0000000000000000000000000000000000000000000000007858000000000025800000000000001151206                         0000000000000000000000000                                             000012
102021974950001161584870000003760                             82060416151      000                        1421141206                              101206000000000760010410308000000000000125647101151206              0000000000000000000000000000000000000000000000007780000000000018000000000000001151206                         0000000000000000000000000                                             000013
102021974950001161584870000003760                             82060416160      000                        1421141206                              101206000000000760010410308000000000000125647101151206              0000000000000000000000000000000000000000000000007780000000000018000000000000001151206                         0000000000000000000000000                                             000014
102021974950001161584870000003760                             82060418162      000                        1421141206                              101206000000000760010430171000000000000240655100141206              0000000000000000000000000000000000000000000000007782000000000018200000000000001141206                         0000000000000000000000000                                             000015
102021974950001161584870000003760                             82060511146      000                        1421141206                              101006000000000760010409172000000000000240655100141206              0000000000000000000000000000000000000000000000008238000000000063800000000000001141206                         0000000000000000000000000                                             000016
102021974950001161584870000003760                             82060511154      000                        1421141206                              101106000000000760010409172000000000000240655100141206              0000000000000000000000000000000000000000000000008086000000000048600000000000001141206                         0000000000000000000000000                                             000017
102021974950001161584870000003760                             82060511162      000                        1421141206                              101206000000000760010409172000000000000125647101151206              0000000000000000000000000000000000000000000000007782000000000018200000000000001151206                         0000000000000000000000000                                             000018
102021974950001161584870000003760                             82060920160      000                        1421141206                              101206000000000760010412947000000000000125647101151206              0000000000000000000000000000000000000000000000007783000000000018300000000000001151206                         0000000000000000000000000                                             000019
102021974950001161584870000003760                             82061012119      000                        1421141206                              151206000000000760010400540000000000000125647101151206              0000000000000000000000000000000000000000000000007600000000000000000000000000001151206                         0000000000000000000000000                                             000020
102021974950001161584870000003760                             82061019113      000                        1421141206                              151206000000000760010400540000000000000125647101151206              0000000000000000000000000000000000000000000000007600000000000000000000000000001151206                         0000000000000000000000000                                             000021
102021974950001161584870000003760                             82061024117      000                        1421141206                              151206000000000760010400540000000000000125647101151206              0000000000000000000000000000000000000000000000007600000000000000000000000000001151206                         0000000000000000000000000                                             000022
102021974950001161584870000003760                             82070704168      000                        1421141206                              201206000000000760006500016000000000000270663101151206              0000000000000000000000000000000000000000000000007600000000000000000000000000001151206                         0000000000000000000000000                                             000023
102021974950001161584870000003760                             82071227169      000                        1421141206                              101206000000000760010400485000000000000125647101151206              0000000000000000000000000000000000000000000000007780000000000018000000000000001151206                         0000000000000000000000000                                             000024
102021974950001161584870000003760                             82130406125      000                        1421141206                              101106000000000760010409148000000000000125647101151206              0000000000000000000000000000000000000000000000008010000000000041000000000000001151206                         0000000000000000000000000                                             000025
9201104                                                                                                                                                                                                                                                                                                                                                                                                   000026
