02RETORNO01COBRANCA       1584870000003760    IPAD                          104C ECON FEDERAL 140606                                                                                                                                                                                                                                                                                                 00224000001
102021974950001161584870000003760                             82000043952      000                        1421140606                              000000000000000760000111126000000000000270663101160606              0000000000000000000000000000000000000000000000007600000000000000000000000000001160606                         0000000000000000000000000                                             000002
102021974950001161584870000003760                             82000044215      000                        1421140606                              000000000000000760010409148000000000000125647101160606              0000000000000000000000000000000000000000000000007600000000000000000000000000001160606                         0000000000000000000000000                                             000003
102021974950001161584870000003760                             82010125161      000                        1421140606                              100406000000000750010414338000000000000240655100140606              0000000000000000000000000000000000000000000000008170000000000067000000000000001140606                         0000000000000000000000000                                             000004
102021974950001161584870000003760                             82010125170      000                        1421140606                              100506000000000750010414338000000000000240655100140606              0000000000000000000000000000000000000000000000007930000000000043000000000000001140606                         0000000000000000000000000                                             000005
102021974950001161584870000003760                             82010314118      000                        1421140606                              160606000000000660010409148000000000000125647101160606              0000000000000000000000000000000000000000000000006600000000000000000000000000001160606                         0000000000000000000000000                                             000006
102021974950001161584870000003760                             82030213112      000                        1421140606                              100606000000000760010407374000000000000125647101160606              0000000000000000000000000000000000000000000000007782000000000018200000000000001160606                         0000000000000000000000000                                             000007
102021974950001161584870000003760                             82030232125      000                        1421140606                              100706000000000760010400418000000000000125620101160606              0000000000000000000000000000000000000000000000007600000000000000000000000000001160606                         0000000000000000000000000                                             000008
102021974950001161584870000003760                             82040641125      000                        1421140606                              100606000000006020010421709000000000000125647101160606              0000000000000000000000000000000000000000000000061645000000000144500000000000001160606                         0000000000000000000000000                                             000009
102021974950001161584870000003760                             82060602133      000                        1421140606                              150606000000000750010412424000000000000125647101160606              0000000000000000000000000000000000000000000000007500000000000000000000000000001160606                         0000000000000000000000000                                             000010
102021974950001161584870000003760                             82060605132      000                        1421140606                              150606000000000750010412424000000000000125647101160606              0000000000000000000000000000000000000000000000007500000000000000000000000000001160606                         0000000000000000000000000                                             000011
102021974950001161584870000003760                             82060609138      000                        1421140606                              150606000000000750074500016000000000000270663101160606              0000000000000000000000000000000000000000000000007500000000000000000000000000001160606                         0000000000000000000000000                                             000012
102021974950001161584870000003760                             82060617130      000                        1421140606                              150606000000000750010412424000000000000125647101160606              0000000000000000000000000000000000000000000000007500000000000000000000000000001160606                         0000000000000000000000000                                             000013
102021974950001161584870000003760                             82060618137      000                        1421140606                              150606000000000750074500016000000000000270663101160606              0000000000000000000000000000000000000000000000007500000000000000000000000000001160606                         0000000000000000000000000                                             000014
102021974950001161584870000003760                             82060620131      000                        1421140606                              150606000000000750010412424000000000000125647101160606              0000000000000000000000000000000000000000000000007500000000000000000000000000001160606                         0000000000000000000000000                                             000015
102021974950001161584870000003760                             82060624129      000                        1421140606                              150606000000000750010412424000000000000125647101160606              0000000000000000000000000000000000000000000000007500000000000000000000000000001160606                         0000000000000000000000000                                             000016
102021974950001161584870000003760                             82060625125      000                        1421140606                              150606000000000750074500016000000000000270663101160606              0000000000000000000000000000000000000000000000007500000000000000000000000000001160606                         0000000000000000000000000                                             000017
102021974950001161584870000003760                             82060705137      000                        1421140606                              150606000000000860023732086000000000000270663101160606              0000000000000000000000000000000000000000000000008600000000000000000000000000001160606                         0000000000000000000000000                                             000018
102021974950001161584870000003760                             82060706133      000                        1421140606                              000000000000000860040972496000000000000270663101160606              0000000000000000000000000000000000000000000000008600000000000000000000000000001160606                         0000000000000000000000000                                             000019
102021974950001161584870000003760                             82060714136      000                        1421140606                              150606000000000860035610516000000000000270663101160606              0000000000000000000000000000000000000000000000008600000000000000000000000000001160606                         0000000000000000000000000                                             000020
102021974950001161584870000003760                             82060717135      000                        1421140606                              150606000000000860000118386000000000000270663101160606              0000000000000000000000000000000000000000000000008600000000000000000000000000001160606                         0000000000000000000000000                                             000021
102021974950001161584870000003760                             82060720136      000                        1421140606                              150606000000000860010400469000000000000125647101160606              0000000000000000000000000000000000000000000000008600000000000000000000000000001160606                         0000000000000000000000000                                             000022
102021974950001161584870000003760                             82070629115      000                        1421140606                              210506000000000760010405592000000000000125647101160606              0000000000000000000000000000000000000000000000007934000000000033400000000000001160606                         0000000000000000000000000                                             000023
102021974950001161584870000003760                             82090808171      000                        1421140606                              150606000000000340010408770000000000000125647101160606              0000000000000000000000000000000000000000000000003400000000000000000000000000001160606                         0000000000000000000000000                                             000024
102021974950001161584870000003760                             82110405166      000                        1421140606                              200406000000000750010408125000000000000125647101160606              0000000000000000000000000000000000000000000000008035000000000053500000000000001160606                         0000000000000000000000000                                             000025
102021974950001161584870000003760                             82110405174      000                        1421140606                              200506000000000750010408125000000000000125647101160606              0000000000000000000000000000000000000000000000007825000000000032500000000000001160606                         0000000000000000000000000                                             000026
102021974950001161584870000003760                             82110602131      000                        1421140606                              200606000000000750010407765000000000000125647101160606              0000000000000000000000000000000000000000000000007500000000000000000000000000001160606                         0000000000000000000000000                                             000027
102021974950001161584870000003760                             82110615136      000                        1421140606                              200606000000000750010407765000000000000125647101160606              0000000000000000000000000000000000000000000000007500000000000000000000000000001160606                         0000000000000000000000000                                             000028
102021974950001161584870000003760                             82110621136      000                        1421140606                              200606000000000750010407765000000000000125647101160606              0000000000000000000000000000000000000000000000007500000000000000000000000000001160606                         0000000000000000000000000                                             000029
102021974950001161584870000003760                             82110625131      000                        1421140606                              200606000000000750010407765000000000000125647101160606              0000000000000000000000000000000000000000000000007500000000000000000000000000001160606                         0000000000000000000000000                                             000030
102021974950001161584870000003760                             82110717125      000                        1421140606                              250506000000000750010407765000000000000125647101160606              0000000000000000000000000000000000000000000000007810000000000031000000000000001160606                         0000000000000000000000000                                             000031
9201104                                                                                                                                                                                                                                                                                                                                                                                                   000032
