02RETORNO01COBRANCA       1584870000003760    IPAD                          104C ECON FEDERAL 120107                                                                                                                                                                                                                                                                                                 00368000001
102021974950001161584870000003760                             82000050894      000                        1421120107                              000000000000000760010407765000000000000125647101150107              0000000000000000000000000000000000000000000000007600000000000000000000000000001150107                         0000000000000000000000000                                             000002
102021974950001161584870000003760                             82010224178      000                        1421120107                              120107000000000420000117546000000000000270663101150107              0000000000000000000000000000000000000000000000004200000000000000000000000000001150107                         0000000000000000000000000                                             000003
102021974950001161584870000003760                             82030718168      000                        1421120107                              100107000000000760010409148000000000000125647101150107              0000000000000000000000000000000000000000000000007767000000000016700000000000001150107                         0000000000000000000000000                                             000004
102021974950001161584870000003760                             82030719164      000                        1421120107                              100107000000000760010409148000000000000125647101150107              0000000000000000000000000000000000000000000000007767000000000016700000000000001150107                         0000000000000000000000000                                             000005
102021974950001161584870000003760                             82030812164      000                        1421120107                              150107000000000760010409156000000000000125647101150107              0000000000000000000000000000000000000000000000007600000000000000000000000000001150107                         0000000000000000000000000                                             000006
102021974950001161584870000003760                             82030917152      000                        1421120107                              101106000000000760010407757000000000000125647101150107              0000000000000000000000000000000000000000000000008223000000000062300000000000001150107                         0000000000000000000000000                                             000007
102021974950001161584870000003760                             82030929177      000                        1421120107                              100107000000000760010407757000000000000125647101150107              0000000000000000000000000000000000000000000000007759000000000015900000000000001150107                         0000000000000000000000000                                             000008
102021974950001161584870000003760                             82031027118      000                        1421120107                              301206000000000760010409148000000000000125647101150107              0000000000000000000000035000000000000000000000007250000000000000000000000000001150107                         0000000000000000000000000                                             000009
102021974950001161584870000003760                             82031108134      000                        1421120107                              100107000000000760010424465000000000000125647101150107              0000000000000000000000000000000000000000000000007766000000000016600000000000001150107                         0000000000000000000000000                                             000010
102021974950001161584870000003760                             82031113138      000                        1421120107                              100107000000000760010424465000000000000240655100120107              0000000000000000000000000000000000000000000000007766000000000016600000000000001120107                         0000000000000000000000000                                             000011
102021974950001161584870000003760                             82060335135      000                        1421120107                              120107000000000860006500016000000000000270663101150107              0000000000000000000000000000000000000000000000008600000000000000000000000000001150107                         0000000000000000000000000                                             000012
102021974950001161584870000003760                             82060335143      000                        1421120107                              120107000000000860006500016000000000000270663101150107              0000000000000000000000000000000000000000000000008600000000000000000000000000001150107                         0000000000000000000000000                                             000013
102021974950001161584870000003760                             82060335151      000                        1421120107                              120107000000000860006500016000000000000270663101150107              0000000000000000000000000000000000000000000000008600000000000000000000000000001150107                         0000000000000000000000000                                             000014
102021974950001161584870000003760                             82060502171      000                        1421120107                              100107000000000760010409440000000000000125647101150107              0000000000000000000000000000000000000000000000007767000000000016700000000000001150107                         0000000000000000000000000                                             000015
102021974950001161584870000003760                             82060913112      000                        1421120107                              100107000000000760010400450000000000000125647101150107              0000000000000000000000000000000000000000000000007759000000000015900000000000001150107                         0000000000000000000000000                                             000016
102021974950001161584870000003760                             82060917177      000                        1421120107                              100107000000000760010410308000000000000125647101150107              0000000000000000000000000000000000000000000000007752000000000015200000000000001150107                         0000000000000000000000000                                             000017
102021974950001161584870000003760                             82070624164      000                        1421120107                              201106000000000760010405592000000000000125647101150107              0000000000000000000000000000000000000000000000008154000000000055400000000000001150107                         0000000000000000000000000                                             000018
102021974950001161584870000003760                             82070624172      000                        1421120107                              201206000000000760010405592000000000000125647101150107              0000000000000000000000000000000000000000000000007926000000000032600000000000001150107                         0000000000000000000000000                                             000019
102021974950001161584870000003760                             82070707140      000                        1421120107                              201006000000000760010405592000000000000125647101150107              0000000000000000000000000000000000000000000000007926000000000032600000000000001150107                         0000000000000000000000000                                             000020
102021974950001161584870000003760                             82070716174      000                        1421120107                              200107000000000760010405592000000000000125647101150107              0000000000000000000000000000000000000000000000007600000000000000000000000000001150107                         0000000000000000000000000                                             000021
102021974950001161584870000003760                             82071201178      000                        1421120107                              100107000000000760010400485000000000000125647101150107              0000000000000000000000000000000000000000000000007767000000000016700000000000001150107                         0000000000000000000000000                                             000022
102021974950001161584870000003760                             82071325128      000                        1421120107                              310107000000000760010421245000000000000240655100120107              0000000000000000000000000000000000000000000000007600000000000000000000000000001120107                         0000000000000000000000000                                             000023
102021974950001161584870000003760                             82071325136      000                        1421120107                              100107000000000760010421245000000000000240655100120107              0000000000000000000000000000000000000000000000007767000000000016700000000000001120107                         0000000000000000000000000                                             000024
102021974950001161584870000003760                             82071415135      000                        1421120107                              100107000000000760010421245000000000000125647101150107              0000000000000000000000000000000000000000000000007767000000000016700000000000001150107                         0000000000000000000000000                                             000025
102021974950001161584870000003760                             82071422131      000                        1421120107                              100107000000000760010421245000000000000125647101150107              0000000000000000000000000000000000000000000000007760000000000016000000000000001150107                         0000000000000000000000000                                             000026
102021974950001161584870000003760                             82071423138      000                        1421120107                              100107000000000760010421245000000000000125647101150107              0000000000000000000000000000000000000000000000007767000000000016700000000000001150107                         0000000000000000000000000                                             000027
102021974950001161584870000003760                             82071434121      000                        1421120107                              310107000000000760075641796000000000000270663101150107              0000000000000000000000000000000000000000000000007600000000000000000000000000001150107                         0000000000000000000000000                                             000028
102021974950001161584870000003760                             82071437139      000                        1421120107                              140107000000000760075641796000000000000270663101150107              0000000000000000000000000000000000000000000000007600000000000000000000000000001150107                         0000000000000000000000000                                             000029
102021974950001161584870000003760                             82071438135      000                        1421120107                              140107000000000760035610286000000000000270663101150107              0000000000000000000000000000000000000000000000007600000000000000000000000000001150107                         0000000000000000000000000                                             000030
102021974950001161584870000003760                             82071440121      000                        1421120107                              000000000000000760035602896000000000000270663101150107              0000000000000000000000000000000000000000000000007600000000000000000000000000001150107                         0000000000000000000000000                                             000031
102021974950001161584870000003760                             82071440130      000                        1421120107                              140107000000000760035610286000000000000270663101150107              0000000000000000000000000000000000000000000000007600000000000000000000000000001150107                         0000000000000000000000000                                             000032
102021974950001161584870000003760                             82110840113      000                        1421120107                              100107000000000750010407765000000000000125647101150107              0000000000000000000000000000000000000000000000007666000000000016600000000000001150107                         0000000000000000000000000                                             000033
102021974950001161584870000003760                             82110840121      000                        1421120107                              100107000000000750010407765000000000000125647101150107              0000000000000000000000000000000000000000000000007666000000000016600000000000001150107                         0000000000000000000000000                                             000034
102021974950001161584870000003760                             82110840130      000                        1421120107                              100107000000000750010407765000000000000125647101150107              0000000000000000000000000000000000000000000000007666000000000016600000000000001150107                         0000000000000000000000000                                             000035
102021974950001161584870000003760                             82110840148      000                        1421120107                              100107000000000750010407765000000000000125647101150107              0000000000000000000000000000000000000000000000007666000000000016600000000000001150107                         0000000000000000000000000                                             000036
102021974950001161584870000003760                             82110840156      000                        1421120107                              100107000000000750010407765000000000000125647101150107              0000000000000000000000000000000000000000000000007666000000000016600000000000001150107                         0000000000000000000000000                                             000037
102021974950001161584870000003760                             82110840164      000                        1421120107                              100107000000000750010407765000000000000125647101150107              0000000000000000000000000000000000000000000000007666000000000016600000000000001150107                         0000000000000000000000000                                             000038
102021974950001161584870000003760                             82110840172      000                        1421120107                              100107000000000750010407765000000000000125647101150107              0000000000000000000000000000000000000000000000007666000000000016600000000000001150107                         0000000000000000000000000                                             000039
102021974950001161584870000003760                             82111004130      000                        1421120107                              110107000000000760010407765000000000000125647101150107              0000000000000000000000000000000000000000000000007759000000000015900000000000001150107                         0000000000000000000000000                                             000040
102021974950001161584870000003760                             82111011137      000                        1421120107                              110107000000000760010407765000000000000125647101150107              0000000000000000000000000000000000000000000000007732000000000013200000000000001150107                         0000000000000000000000000                                             000041
102021974950001161584870000003760                             82111033114      000                        1421120107                              100107000000000760010407765000000000000125647101150107              0000000000000000000000000000000000000000000000007766000000000016600000000000001150107                         0000000000000000000000000                                             000042
102021974950001161584870000003760                             82130401140      000                        1421120107                              100107000000000760010409148000000000000125647101150107              0000000000000000000000000000000000000000000000007752000000000015200000000000001150107                         0000000000000000000000000                                             000043
9201104                                                                                                                                                                                                                                                                                                                                                                                                   000044
