02RETORNO01COBRANCA       1584870000003760    IPAD                          104C ECON FEDERAL 140207                                                                                                                                                                                                                                                                                                 00391000001
102021974950001161584870000003760                             82030518177      000                        1421140207                              150107000000000760010409148000000000000125647101150207              0000000000000000000000000000000000000000000000007976000000000037600000000000001150207                         0000000000000000000000000                                             000002
102021974950001161584870000003760                             82030914170      000                        1421140207                              100107000000000760010407757000000000000125647101150207              0000000000000000000000000000000000000000000000008018000000000041800000000000001150207                         0000000000000000000000000                                             000003
102021974950001161584870000003760                             82071303140      000                        1421140207                              100207000000000760010421245000000000000125647101150207              0000000000000000000000000000000000000000000000008056000000000045600000000000001150207                         0000000000000000000000000                                             000004
102021974950001161584870000003760                             82071411148      000                        1421140207                              140207000000000760010421245000000000000125647101150207              0000000000000000000000000000000000000000000000007600000000000000000000000000001150207                         0000000000000000000000000                                             000005
102021974950001161584870000003760                             82071439140      000                        1421140207                              140207000000000760023721166000000000000270663101150207              0000000000000000000000000000000000000000000000007600000000000000000000000000001150207                         0000000000000000000000000                                             000006
102021974950001161584870000003760                             82110839131      000                        1421140207                              220207000000000750010407765000000000000125647101150207              0000000000000000000000000000000000000000000000007500000000000000000000000000001150207                         0000000000000000000000000                                             000007
102021974950001161584870000003760                             82130401158      000                        1421140207                              100207000000000760010409148000000000000125647101150207              0000000000000000000000000000000000000000000000007783000000000018300000000000001150207                         0000000000000000000000000                                             000008
102021974950001161584870000003760                             82130419154      000                        1421140207                              100207000000000760010409148000000000000125647101150207              0000000000000000000000000000000000000000000000007780000000000018000000000000001150207                         0000000000000000000000000                                             000009
9201104                                                                                                                                                                                                                                                                                                                                                                                                   000010
