02RETORNO01COBRANCA       1584870000003760    IPAD                          104C ECON FEDERAL 150906                                                                                                                                                                                                                                                                                                 00289000001
102021974950001161584870000003760                             82000047966      000                        1421150906                              000000000000000760010424465000000000000125647101180906              0000000000000000000000000000000000000000000000007600000000000000000000000000001180906                         0000000000000000000000000                                             000002
102021974950001161584870000003760                             82000047982      000                        1421150906                              000000000000000760010424465000000000000125647101180906              0000000000000000000000000000000000000000000000007600000000000000000000000000001180906                         0000000000000000000000000                                             000003
102021974950001161584870000003760                             82000048008      000                        1421150906                              000000000000000760010424465000000000000125647101180906              0000000000000000000000000000000000000000000000007600000000000000000000000000001180906                         0000000000000000000000000                                             000004
102021974950001161584870000003760                             82000048245      000                        1421150906                              000000000000000760010424465000000000000125647101180906              0000000000000000000000000000000000000000000000007600000000000000000000000000001180906                         0000000000000000000000000                                             000005
102021974950001161584870000003760                             82030214135      000                        1421150906                              100806000000000760010409156000000000000240655100150906              0000000000000000000000000000000000000000000000008026000000000042600000000000001150906                         0000000000000000000000000                                             000006
102021974950001161584870000003760                             82030310169      000                        1421150906                              300806000000000860010409156000000000000125647101180906              0000000000000000000000000000000000000000000000008900000000000030000000000000001180906                         0000000000000000000000000                                             000007
102021974950001161584870000003760                             82030415165      000                        1421150906                              100906000000000760010407757000000000000125647101180906              0000000000000000000000000000000000000000000000007787000000000018700000000000001180906                         0000000000000000000000000                                             000008
102021974950001161584870000003760                             82030506136      000                        1421150906                              150906000000000760010409156000000000000125620101180906              0000000000000000000000000000000000000000000000007600000000000000000000000000001180906                         0000000000000000000000000                                             000009
102021974950001161584870000003760                             82030509135      000                        1421150906                              150906000000000760010409156000000000000125647101180906              0000000000000000000000000000000000000000000000007600000000000000000000000000001180906                         0000000000000000000000000                                             000010
102021974950001161584870000003760                             82030529136      000                        1421150906                              150906000000000760000121336000000000000270663101180906              0000000000000000000000000000000000000000000000007600000000000000000000000000001180906                         0000000000000000000000000                                             000011
102021974950001161584870000003760                             82030530134      000                        1421150906                              150906000000000760010409156000000000000125620101180906              0000000000000000000000000000000000000000000000007600000000000000000000000000001180906                         0000000000000000000000000                                             000012
102021974950001161584870000003760                             82030801120      000                        1421150906                              150906000000000760010409156000000000000125647101180906              0000000000000000000000000000000000000000000000007600000000000000000000000000001180906                         0000000000000000000000000                                             000013
102021974950001161584870000003760                             82030803122      000                        1421150906                              150906000000000760010409156000000000000125647101180906              0000000000000000000000000000000000000000000000007600000000000000000000000000001180906                         0000000000000000000000000                                             000014
102021974950001161584870000003760                             82030812121      000                        1421150906                              150906000000000760010409156000000000000125647101180906              0000000000000000000000000000000000000000000000007600000000000000000000000000001180906                         0000000000000000000000000                                             000015
102021974950001161584870000003760                             82030816127      000                        1421150906                              150906000000000760010409156000000000000125647101180906              0000000000000000000000000000000000000000000000007600000000000000000000000000001180906                         0000000000000000000000000                                             000016
102021974950001161584870000003760                             82030903135      000                        1421150906                              100906000000000760010407757000000000000125647101180906              0000000000000000000000000000000000000000000000007792000000000019200000000000001180906                         0000000000000000000000000                                             000017
102021974950001161584870000003760                             82030908137      000                        1421150906                              100906000000000760010407757000000000000125647101180906              0000000000000000000000000000000000000000000000007792000000000019200000000000001180906                         0000000000000000000000000                                             000018
102021974950001161584870000003760                             82060521133      000                        1421150906                              100906000000000760010409237000000000000125647101180906              0000000000000000000000000000000000000000000000007790000000000019000000000000001180906                         0000000000000000000000000                                             000019
102021974950001161584870000003760                             82060711161      000                        1421150906                              150906000000000860010400450000000000000125647101180906              0000000000000000000000000000000000000000000000008600000000000000000000000000001180906                         0000000000000000000000000                                             000020
102021974950001161584870000003760                             82060714160      000                        1421150906                              150906000000000860035610516000000000000270663101180906              0000000000000000000000000000000000000000000000008600000000000000000000000000001180906                         0000000000000000000000000                                             000021
102021974950001161584870000003760                             82060715132      000                        1421150906                              150706000000000860010400469000000000000125647101180906              0000000000000000000000000000000000000000000000009316000000000071600000000000001180906                         0000000000000000000000000                                             000022
102021974950001161584870000003760                             82060715140      000                        1421150906                              150806000000000860010400469000000000000125647101180906              0000000000000000000000000000000000000000000000009044000000000044400000000000001180906                         0000000000000000000000000                                             000023
102021974950001161584870000003760                             82060715159      000                        1421150906                              150906000000000860010400469000000000000125647101180906              0000000000000000000000000000000000000000000000008600000000000000000000000000001180906                         0000000000000000000000000                                             000024
102021974950001161584870000003760                             82060716163      000                        1421150906                              000000000000000860039928996000000000000270663101180906              0000000000000000000000000000000000000000000000008600000000000000000000000000001180906                         0000000000000000000000000                                             000025
102021974950001161584870000003760                             82070502174      000                        1421150906                              150506000000000860010430171000000000000240655100150906              0000000000000000000000000000000000000000000000009830000000000123000000000000001150906                         0000000000000000000000000                                             000026
102021974950001161584870000003760                             82070613120      000                        1421150906                              210606000000000760010405592000000000000125647101180906              0000000000000000000000000000000000000000000000008440000000000084000000000000001180906                         0000000000000000000000000                                             000027
102021974950001161584870000003760                             82070631144      000                        1421150906                              210806000000000760010405592000000000000125647101180906              0000000000000000000000000000000000000000000000007942000000000034200000000000001180906                         0000000000000000000000000                                             000028
102021974950001161584870000003760                             82070728130      000                        1421150906                              200906000000000760006500016000000000000270663101180906              0000000000000000000000000000000000000000000000007600000000000000000000000000001180906                         0000000000000000000000000                                             000029
102021974950001161584870000003760                             82091034170      000                        1421150906                              300706000000000375010408770000000000000125647101180906              0000000000000000000000000000000000000000000000003970000000000022000000000000001180906                         0000000000000000000000000                                             000030
102021974950001161584870000003760                             82110609160      000                        1421150906                              200906000000000750010407765000000000000125647101180906              0000000000000000000000000000000000000000000000007500000000000000000000000000001180906                         0000000000000000000000000                                             000031
102021974950001161584870000003760                             82110613133      000                        1421150906                              200606000000000750010407765000000000000125647101180906              0000000000000000000000000000000000000000000000008257000000000075700000000000001180906                         0000000000000000000000000                                             000032
102021974950001161584870000003760                             82110613141      000                        1421150906                              250706000000000750010407765000000000000125647101180906              0000000000000000000000000000000000000000000000008032000000000053200000000000001180906                         0000000000000000000000000                                             000033
102021974950001161584870000003760                             82110615160      000                        1421150906                              200906000000000750010407765000000000000125647101180906              0000000000000000000000000000000000000000000000007500000000000000000000000000001180906                         0000000000000000000000000                                             000034
102021974950001161584870000003760                             82110709157      000                        1421150906                              200806000000000750010407765000000000000125647101180906              0000000000000000000000000000000000000000000000007806000000000030600000000000001180906                         0000000000000000000000000                                             000035
102021974950001161584870000003760                             82110733147      000                        1421150906                              250706000000000750010407765000000000000125647101180906              0000000000000000000000000000000000000000000000008032000000000053200000000000001180906                         0000000000000000000000000                                             000036
102021974950001161584870000003760                             82110816158      000                        1421150906                              200806000000000750010407765000000000000125647101180906              0000000000000000000000000000000000000000000000007845000000000034500000000000001180906                         0000000000000000000000000                                             000037
102021974950001161584870000003760                             82110819157      000                        1421150906                              200806000000000750010407765000000000000125647101180906              0000000000000000000000000000000000000000000000007832000000000033200000000000001180906                         0000000000000000000000000                                             000038
102021974950001161584870000003760                             82120108164      000                        1421150906                              300906000000000650010421245000000000000125647101180906              0000000000000000000000000000000000000000000000006500000000000000000000000000001180906                         0000000000000000000000000                                             000039
9201104                                                                                                                                                                                                                                                                                                                                                                                                   000040
