02RETORNO01COBRANCA       1584870000003760    IPAD                          104C ECON FEDERAL 150307                                                                                                                                                                                                                                                                                                 00409000001
102021974950001161584870000003760                             82000051459      000                        1421150307                              000000000000000800010400531000000000000125647101160307              0000000000000000000000000000000000000000000000008000000000000000000000000000001160307                         0000000000000000000000000                                             000002
102021974950001161584870000003760                             82000051467      000                        1421150307                              000000000000000800010400531000000000000125647101160307              0000000000000000000000000000000000000000000000008000000000000000000000000000001160307                         0000000000000000000000000                                             000003
102021974950001161584870000003760                             82000051475      000                        1421150307                              000000000000000800010400531000000000000125647101160307              0000000000000000000000000000000000000000000000008000000000000000000000000000001160307                         0000000000000000000000000                                             000004
102021974950001161584870000003760                             82000051777      000                        1421150307                              000000000000000800039928996000000000000270663101160307              0000000000000000000000000000000000000000000000008000000000000000000000000000001160307                         0000000000000000000000000                                             000005
102021974950001161584870000003760                             82000051882      000                        1421150307                              000000000000000800010407757000000000000125647101160307              0000000000000000000000000000000000000000000000008000000000000000000000000000001160307                         0000000000000000000000000                                             000006
102021974950001161584870000003760                             82000051890      000                        1421150307                              000000000000000800039928996000000000000270663101160307              0000000000000000000000000000000000000000000000008000000000000000000000000000001160307                         0000000000000000000000000                                             000007
102021974950001161584870000003760                             82000051920      000                        1421150307                              000000000000000800010407757000000000000125647101160307              0000000000000000000000000000000000000000000000008000000000000000000000000000001160307                         0000000000000000000000000                                             000008
102021974950001161584870000003760                             82000051955      000                        1421150307                              000000000000000800010407757000000000000125647101160307              0000000000000000000000000000000000000000000000008000000000000000000000000000001160307                         0000000000000000000000000                                             000009
102021974950001161584870000003760                             82000051980      000                        1421150307                              000000000000000800039928996000000000000270663101160307              0000000000000000000000000000000000000000000000008000000000000000000000000000001160307                         0000000000000000000000000                                             000010
102021974950001161584870000003760                             82000052005      000                        1421150307                              000000000000000800010407757000000000000125647101160307              0000000000000000000000000000000000000000000000008000000000000000000000000000001160307                         0000000000000000000000000                                             000011
102021974950001161584870000003760                             82000052013      000                        1421150307                              000000000000000800006500016000000000000270663101160307              0000000000000000000000000000000000000000000000008000000000000000000000000000001160307                         0000000000000000000000000                                             000012
102021974950001161584870000003760                             82000052048      000                        1421150307                              000000000000000800010407757000000000000125647101160307              0000000000000000000000000000000000000000000000008000000000000000000000000000001160307                         0000000000000000000000000                                             000013
102021974950001161584870000003760                             82000052099      000                        1421150307                              000000000000000800010407757000000000000125647101160307              0000000000000000000000000000000000000000000000008000000000000000000000000000001160307                         0000000000000000000000000                                             000014
102021974950001161584870000003760                             82030422161      000                        1421150307                              150307000000000760010407757000000000000125647101160307              0000000000000000000000000000000000000000000000007600000000000000000000000000001160307                         0000000000000000000000000                                             000015
102021974950001161584870000003760                             82030422170      000                        1421150307                              150307000000000760010407757000000000000125647101160307              0000000000000000000000000000000000000000000000007600000000000000000000000000001160307                         0000000000000000000000000                                             000016
102021974950001161584870000003760                             82031019140      000                        1421150307                              300307000000000760010409148000000000000125620101160307              0000000000000000000000000000000000000000000000007600000000000000000000000000001160307                         0000000000000000000000000                                             000017
102021974950001161584870000003760                             82070205137      000                        1421150307                              150307000000000860010415830000000000000240655100150307              0000000000000000000000000000000000000000000000008600000000000000000000000000001150307                         0000000000000000000000000                                             000018
102021974950001161584870000003760                             82070205153      000                        1421150307                              150307000000000860010415830000000000000240655100150307              0000000000000000000000000000000000000000000000008600000000000000000000000000001150307                         0000000000000000000000000                                             000019
102021974950001161584870000003760                             82070205170      000                        1421150307                              150307000000000860010415830000000000000240655100150307              0000000000000000000000000000000000000000000000008600000000000000000000000000001150307                         0000000000000000000000000                                             000020
102021974950001161584870000003760                             82091010149      000                        1421150307                              150307000000000375000104466000000000000270663101160307              0000000000000000000000000000000000000000000000003750000000000000000000000000001160307                         0000000000000000000000000                                             000021
102021974950001161584870000003760                             82091010157      000                        1421150307                              150307000000000375000104466000000000000270663101160307              0000000000000000000000000000000000000000000000003750000000000000000000000000001160307                         0000000000000000000000000                                             000022
102021974950001161584870000003760                             82130426169      000                        1421150307                              100307000000000760010409148000000000000125647101160307              0000000000000000000000000000000000000000000000007790000000000019000000000000001160307                         0000000000000000000000000                                             000023
9201104                                                                                                                                                                                                                                                                                                                                                                                                   000024
