02RETORNO01COBRANCA       1584870000003760    IPAD                          104C ECON FEDERAL 141105                                                                                                                                                                                                                                                                                                 00079000001
102021974950001161584870000003760                             82040119127      000                        1421141105                              151105000000000430075641796000000000000270663101161105              0000000000000000000000000000000000000000000000004300000000000000000000000000001161105                         0000000000000000000000000                                             000002
102021974950001161584870000003760                             82050302129      000                        1421141105                              101105000000000860010427782000000000000125647101161105              0000000000000000000000000000000000000000000000008806000000000020600000000000001161105                         0000000000000000000000000                                             000003
102021974950001161584870000003760                             82050307120      000                        1421141105                              101105000000000860010427782000000000000125647101161105              0000000000000000000000000000000000000000000000008805000000000020500000000000001161105                         0000000000000000000000000                                             000004
102021974950001161584870000003760                             82060111130      000                        1421141105                              151105000000000860010400507000000000000240655100141105              0000000000000000000000000000000000000000000000008600000000000000000000000000001141105                         0000000000000000000000000                                             000005
102021974950001161584870000003760                             82060126137      000                        1421141105                              151105000000000860010406483000000000000125647101161105              0000000000000000000000000000000000000000000000008600000000000000000000000000001161105                         0000000000000000000000000                                             000006
102021974950001161584870000003760                             82060134130      000                        1421141105                              151105000000000860006500016000000000000270663101161105              0000000000000000000000000000000000000000000000008600000000000000000000000000001161105                         0000000000000000000000000                                             000007
102021974950001161584870000003760                             82060148130      000                        1421141105                              151105000000000860010430171000000000000125647101161105              0000000000000000000000000000000000000000000000008600000000000000000000000000001161105                         0000000000000000000000000                                             000008
102021974950001161584870000003760                             82070404121      000                        1421141105                              000000000000000860040975226000000000000270663101161105              0000000000000000000000000000000000000000000000008600000000000000000000000000001161105                         0000000000000000000000000                                             000009
102021974950001161584870000003760                             82070405128      000                        1421141105                              000000000000000860040975226000000000000270663101161105              0000000000000000000000000000000000000000000000008600000000000000000000000000001161105                         0000000000000000000000000                                             000010
102021974950001161584870000003760                             82070417126      000                        1421141105                              000000000000000860040975226000000000000270663101161105              0000000000000000000000000000000000000000000000008600000000000000000000000000001161105                         0000000000000000000000000                                             000011
102021974950001161584870000003760                             82070508121      000                        1421141105                              151105000000000860010409440000000000000125647101161105              0000000000000000000000000000000000000000000000008600000000000000000000000000001161105                         0000000000000000000000000                                             000012
102021974950001161584870000003760                             82090505128      000                        1421141105                              101105000000000375010408770000000000000125647101161105              0000000000000000000000000000000000000000000000003831000000000008100000000000001161105                         0000000000000000000000000                                             000013
102021974950001161584870000003760                             82090520127      000                        1421141105                              101105000000000375010408770000000000000125647101161105              0000000000000000000000000000000000000000000000003840000000000009000000000000001161105                         0000000000000000000000000                                             000014
102021974950001161584870000003760                             82091021124      000                        1421141105                              101105000000000750010408770000000000000125647101161105              0000000000000000000000000000000000000000000000007664000000000016400000000000001161105                         0000000000000000000000000                                             000015
102021974950001161584870000003760                             82091031120      000                        1421141105                              101105000000000750010408770000000000000125647101161105              0000000000000000000000000000000000000000000000007678000000000017800000000000001161105                         0000000000000000000000000                                             000016
102021974950001161584870000003760                             82091222120      000                        1421141105                              101105000000000750010400540000000000000125647101161105              0000000000000000000000000000000000000000000000007678000000000017800000000000001161105                         0000000000000000000000000                                             000017
102021974950001161584870000003760                             82120111122      000                        1421141105                              101105000000000550010421245000000000000125647101161105              0000000000000000000000000000000000000000000000005632000000000013200000000000001161105                         0000000000000000000000000                                             000018
102021974950001161584870000003760                             82999026822      000                        1421141105                              301105000000000860075641796000000000000270663101161105              0000000000000000000000000000000000000000000000008600000000000000000000000000001161105                         0000000000000000000000000                                             000019
102021974950001161584870000003760                             82999026954      000                        1421141105                              301105000000000860075641796000000000000270663101161105              0000000000000000000000000000000000000000000000008600000000000000000000000000001161105                         0000000000000000000000000                                             000020
102021974950001161584870000003760                             82999031877      000                        1421141105                              181105000000000450010407765000000000000125620101161105              0000000000000000000000000000000000000000000000004500000000000000000000000000001161105                         0000000000000000000000000                                             000021
102021974950001161584870000003760                             82999031907      000                        1421141105                              181105000000000450010407765000000000000240655100141105              0000000000000000000000000000000000000000000000004500000000000000000000000000001141105                         0000000000000000000000000                                             000022
102021974950001161584870000003760                             82999031915      000                        1421141105                              181105000000000450010407765000000000000125647101161105              0000000000000000000000000000000000000000000000004500000000000000000000000000001161105                         0000000000000000000000000                                             000023
102021974950001161584870000003760                             82999032091      000                        1421141105                              181105000000000450007347476000000000000270663101161105              0000000000000000000000000000000000000000000000004500000000000000000000000000001161105                         0000000000000000000000000                                             000024
9201104                                                                                                                                                                                                                                                                                                                                                                                                   000025
