02RETORNO01COBRANCA       1584870000003760    IPAD                          104C ECON FEDERAL 150206                                                                                                                                                                                                                                                                                                 00144000001
102021974950001161584870000003760                             82000035658      000                        1421150206                              050306000000000860010415830000000000000240655100150206              0000000000000000000000000000000000000000000000008600000000000000000000000000001150206                         0000000000000000000000000                                             000002
102021974950001161584870000003760                             82010102145      000                        1421150206                              100206000000000375010414338000000000000125647101160206              0000000000000000000000000000000000000000000000003750000000000000000000000000001160206                         0000000000000000000000000                                             000003
102021974950001161584870000003760                             82030122141      000                        1421150206                              100206000000000750010424465000000000000125647101160206              0000000000000000000000000000000000000000000000007685000000000018500000000000001160206                         0000000000000000000000000                                             000004
102021974950001161584870000003760                             82040117159      000                        1421150206                              100206000000000430010400523000000000000125647101160206              0000000000000000000000000000000000000000000000004408000000000010800000000000001160206                         0000000000000000000000000                                             000005
102021974950001161584870000003760                             82040123159      000                        1421150206                              100206000000000430010400523000000000000125647101160206              0000000000000000000000000000000000000000000000004601000000000030100000000000001160206                         0000000000000000000000000                                             000006
102021974950001161584870000003760                             82040606150      000                        1421150206                              100206000000000860010421709000000000000125647101160206              0000000000000000000000000000000000000000000000008812000000000021200000000000001160206                         0000000000000000000000000                                             000007
102021974950001161584870000003760                             82040625154      000                        1421150206                              100206000000000860010400523000000000000125647101160206              0000000000000000000000000000000000000000000000008815000000000021500000000000001160206                         0000000000000000000000000                                             000008
102021974950001161584870000003760                             82060107167      000                        1421150206                              150206000000000860010430171000000000000125647101160206              0000000000000000000000000000000000000000000000008600000000000000000000000000001160206                         0000000000000000000000000                                             000009
102021974950001161584870000003760                             82060112160      000                        1421150206                              000000000000000860039928996000000000000270663101160206              0000000000000000000000000000000000000000000000008600000000000000000000000000001160206                         0000000000000000000000000                                             000010
102021974950001161584870000003760                             82060124169      000                        1421150206                              150206000000000860010430171000000000000125647101160206              0000000000000000000000000000000000000000000000008600000000000000000000000000001160206                         0000000000000000000000000                                             000011
102021974950001161584870000003760                             82060143163      000                        1421150206                              150206000000000860075641796000000000000270663101160206              0000000000000000000000000000000000000000000000008600000000000000000000000000001160206                         0000000000000000000000000                                             000012
102021974950001161584870000003760                             82060304140      000                        1421150206                              150206000000000860002411546000000000000270663101160206              0000000000000000000000000000000000000000000000008600000000000000000000000000001160206                         0000000000000000000000000                                             000013
102021974950001161584870000003760                             82060305147      000                        1421150206                              150206000000000860010408761000000000000125647101160206              0000000000000000000000000000000000000000000000008600000000000000000000000000001160206                         0000000000000000000000000                                             000014
102021974950001161584870000003760                             82060309142      000                        1421150206                              150206000000000860010408761000000000000125647101160206              0000000000000000000000000000000000000000000000008600000000000000000000000000001160206                         0000000000000000000000000                                             000015
102021974950001161584870000003760                             82060316149      000                        1421150206                              000000000000000860039928996000000000000270663101160206              0000000000000000000000000000000000000000000000008600000000000000000000000000001160206                         0000000000000000000000000                                             000016
102021974950001161584870000003760                             82060317145      000                        1421150206                              000000000000000860039928996000000000000270663101160206              0000000000000000000000000000000000000000000000008600000000000000000000000000001160206                         0000000000000000000000000                                             000017
102021974950001161584870000003760                             82060324141      000                        1421150206                              150206000000000860010408761000000000000125647101160206              0000000000000000000000000000000000000000000000008600000000000000000000000000001160206                         0000000000000000000000000                                             000018
102021974950001161584870000003760                             82060328147      000                        1421150206                              150206000000000860006500016000000000000270663101160206              0000000000000000000000000000000000000000000000008600000000000000000000000000001160206                         0000000000000000000000000                                             000019
102021974950001161584870000003760                             82060334147      000                        1421150206                              150206000000000860006500016000000000000270663101160206              0000000000000000000000000000000000000000000000008600000000000000000000000000001160206                         0000000000000000000000000                                             000020
102021974950001161584870000003760                             82070213156      000                        1421150206                              100206000000000860010410308000000000000125647101160206              0000000000000000000000000000000000000000000000008815000000000021500000000000001160206                         0000000000000000000000000                                             000021
102021974950001161584870000003760                             82070222155      000                        1421150206                              100206000000000860010400450000000000000125647101160206              0000000000000000000000000000000000000000000000008781000000000018100000000000001160206                         0000000000000000000000000                                             000022
102021974950001161584870000003760                             82070301152      000                        1421150206                              000000000000000860040975226000000000000270663101160206              0000000000000000000000000000000000000000000000008600000000000000000000000000001160206                         0000000000000000000000000                                             000023
102021974950001161584870000003760                             82070302159      000                        1421150206                              000000000000000860040975226000000000000270663101160206              0000000000000000000000000000000000000000000000008600000000000000000000000000001160206                         0000000000000000000000000                                             000024
102021974950001161584870000003760                             82070304151      000                        1421150206                              000000000000000860040975226000000000000270663101160206              0000000000000000000000000000000000000000000000008600000000000000000000000000001160206                         0000000000000000000000000                                             000025
102021974950001161584870000003760                             82070314157      000                        1421150206                              150206000000000860006500016000000000000270663101160206              0000000000000000000000000000000000000000000000008600000000000000000000000000001160206                         0000000000000000000000000                                             000026
102021974950001161584870000003760                             82070319159      000                        1421150206                              150206000000000860010400485000000000000125647101160206              0000000000000000000000000000000000000000000000008600000000000000000000000000001160206                         0000000000000000000000000                                             000027
102021974950001161584870000003760                             82070320157      000                        1421150206                              150206000000000860010415806000000000000125647101160206              0000000000000000000000000000000000000000000000008600000000000000000000000000001160206                         0000000000000000000000000                                             000028
102021974950001161584870000003760                             82070324152      000                        1421150206                              150206000000000860010410286000000000000125647101160206              0000000000000000000000000000000000000000000000008600000000000000000000000000001160206                         0000000000000000000000000                                             000029
102021974950001161584870000003760                             82070326155      000                        1421150206                              000000000000000860040975226000000000000270663101160206              0000000000000000000000000000000000000000000000008600000000000000000000000000001160206                         0000000000000000000000000                                             000030
102021974950001161584870000003760                             82070402153      000                        1421150206                              150206000000000860006500016000000000000270663101160206              0000000000000000000000000000000000000000000000008600000000000000000000000000001160206                         0000000000000000000000000                                             000031
102021974950001161584870000003760                             82070404156      000                        1421150206                              150206000000000860075641796000000000000270663101160206              0000000000000000000000000000000000000000000000008600000000000000000000000000001160206                         0000000000000000000000000                                             000032
102021974950001161584870000003760                             82070406159      000                        1421150206                              000000000000000860040975226000000000000270663101160206              0000000000000000000000000000000000000000000000008600000000000000000000000000001160206                         0000000000000000000000000                                             000033
102021974950001161584870000003760                             82070410156      000                        1421150206                              150206000000000860010412947000000000000125647101160206              0000000000000000000000000000000000000000000000008600000000000000000000000000001160206                         0000000000000000000000000                                             000034
102021974950001161584870000003760                             82070421158      000                        1421150206                              000000000000000860040975226000000000000270663101160206              0000000000000000000000000000000000000000000000008600000000000000000000000000001160206                         0000000000000000000000000                                             000035
102021974950001161584870000003760                             82070502140      000                        1421150206                              150106000000000860010430171000000000000240655100150206              0000000000000000000000000000000000000000000000009038000000000043800000000000001150206                         0000000000000000000000000                                             000036
102021974950001161584870000003760                             82070505157      000                        1421150206                              000000000000000860039928996000000000000270663101160206              0000000000000000000000000000000000000000000000008600000000000000000000000000001160206                         0000000000000000000000000                                             000037
102021974950001161584870000003760                             82070519158      000                        1421150206                              150206000000000860002410016000000000000270663101160206              0000000000000000000000000000000000000000000000008600000000000000000000000000001160206                         0000000000000000000000000                                             000038
102021974950001161584870000003760                             82090104158      000                        1421150206                              100206000000000750010400540000000000000125647101160206              0000000000000000000000000000000000000000000000007685000000000018500000000000001160206                         0000000000000000000000000                                             000039
102021974950001161584870000003760                             82090804141      000                        1421150206                              100306000000000450010408770000000000000125647101160206              0000000000000000000000000000000000000000000000004500000000000000000000000000001160206                         0000000000000000000000000                                             000040
102021974950001161584870000003760                             82090820139      000                        1421150206                              100206000000000450010408770000000000000125647101160206              0000000000000000000000000000000000000000000000004610000000000011000000000000001160206                         0000000000000000000000000                                             000041
102021974950001161584870000003760                             82090832137      000                        1421150206                              150206000000000450010408770000000000000125647101160206              0000000000000000000000000000000000000000000000004500000000000000000000000000001160206                         0000000000000000000000000                                             000042
102021974950001161584870000003760                             82090835136      000                        1421150206                              100206000000000450010408770000000000000125647101160206              0000000000000000000000000000000000000000000000004595000000000009500000000000001160206                         0000000000000000000000000                                             000043
102021974950001161584870000003760                             82091031146      000                        1421150206                              100106000000000750010408770000000000000125647101160206              0000000000000000000000000000000000000000000000007900000000000040000000000000001160206                         0000000000000000000000000                                             000044
102021974950001161584870000003760                             82091032150      000                        1421150206                              100206000000000375010408770000000000000125647101160206              0000000000000000000000000000000000000000000000003840000000000009000000000000001160206                         0000000000000000000000000                                             000045
102021974950001161584870000003760                             82091203150      000                        1421150206                              100206000000000750010400540000000000000125647101160206              0000000000000000000000000000000000000000000000007685000000000018500000000000001160206                         0000000000000000000000000                                             000046
102021974950001161584870000003760                             82091205152      000                        1421150206                              100206000000000750010400540000000000000125647101160206              0000000000000000000000000000000000000000000000007685000000000018500000000000001160206                         0000000000000000000000000                                             000047
102021974950001161584870000003760                             82091211152      000                        1421150206                              100206000000000750010400540000000000000125647101160206              0000000000000000000000000000000000000000000000007685000000000018500000000000001160206                         0000000000000000000000000                                             000048
102021974950001161584870000003760                             82110121141      000                        1421150206                              100206000000000750010407765000000000000125647101160206              0000000000000000000000000000000000000000000000008025000000000052500000000000001160206                         0000000000000000000000000                                             000049
102021974950001161584870000003760                             82110125147      000                        1421150206                              100206000000000750010407765000000000000125647101160206              0000000000000000000000000000000000000000000000007700000000000020000000000000001160206                         0000000000000000000000000                                             000050
102021974950001161584870000003760                             82110225133      000                        1421150206                              100106000000000450010407765000000000000240655100150206              0000000000000000000000000000000000000000000000004626000000000012600000000000001150206                         0000000000000000000000000                                             000051
102021974950001161584870000003760                             82110225141      000                        1421150206                              100206000000000450010407765000000000000240655100150206              0000000000000000000000000000000000000000000000004596000000000009600000000000001150206                         0000000000000000000000000                                             000052
102021974950001161584870000003760                             82120103154      000                        1421150206                              100206000000000650010421245000000000000125647101160206              0000000000000000000000000000000000000000000000006662000000000016200000000000001160206                         0000000000000000000000000                                             000053
9201104                                                                                                                                                                                                                                                                                                                                                                                                   000054
