02RETORNO01COBRANCA       1584870000003760    IPAD                          104C ECON FEDERAL 150306                                                                                                                                                                                                                                                                                                 00162000001
102021974950001161584870000003760                             82000034503      000                        1421150306                              100306000000000750010407765000000000000125647101160306              0000000000000000000000000000000000000000000000007500000000000000000000000000001160306                         0000000000000000000000000                                             000002
102021974950001161584870000003760                             82000034597      000                        1421150306                              100306000000000750010407765000000000000125647101160306              0000000000000000000000000000000000000000000000007500000000000000000000000000001160306                         0000000000000000000000000                                             000003
102021974950001161584870000003760                             82000034775      000                        1421150306                              100306000000000750010407765000000000000125647101160306              0000000000000000000000000000000000000000000000007500000000000000000000000000001160306                         0000000000000000000000000                                             000004
102021974950001161584870000003760                             82000034791      000                        1421150306                              100306000000000750010407765000000000000125647101160306              0000000000000000000000000000000000000000000000007500000000000000000000000000001160306                         0000000000000000000000000                                             000005
102021974950001161584870000003760                             82000034872      000                        1421150306                              100306000000000750010407765000000000000125647101160306              0000000000000000000000000000000000000000000000007500000000000000000000000000001160306                         0000000000000000000000000                                             000006
102021974950001161584870000003760                             82000034970      000                        1421150306                              100306000000000750010407765000000000000125647101160306              0000000000000000000000000000000000000000000000007500000000000000000000000000001160306                         0000000000000000000000000                                             000007
102021974950001161584870000003760                             82000035003      000                        1421150306                              100306000000000750010407765000000000000125647101160306              0000000000000000000000000000000000000000000000007500000000000000000000000000001160306                         0000000000000000000000000                                             000008
102021974950001161584870000003760                             82000035186      000                        1421150306                              100306000000000750010407765000000000000125647101160306              0000000000000000000000000000000000000000000000007500000000000000000000000000001160306                         0000000000000000000000000                                             000009
102021974950001161584870000003760                             82000035194      000                        1421150306                              100306000000000750010407765000000000000125647101160306              0000000000000000000000000000000000000000000000007500000000000000000000000000001160306                         0000000000000000000000000                                             000010
102021974950001161584870000003760                             82000035356      000                        1421150306                              100306000000000750010407765000000000000125647101160306              0000000000000000000000000000000000000000000000007500000000000000000000000000001160306                         0000000000000000000000000                                             000011
102021974950001161584870000003760                             82000035453      000                        1421150306                              100306000000000750010407765000000000000125647101160306              0000000000000000000000000000000000000000000000007500000000000000000000000000001160306                         0000000000000000000000000                                             000012
102021974950001161584870000003760                             82000035496      000                        1421150306                              100306000000000750010407765000000000000125647101160306              0000000000000000000000000000000000000000000000007500000000000000000000000000001160306                         0000000000000000000000000                                             000013
102021974950001161584870000003760                             82000035542      000                        1421150306                              100306000000000750010407765000000000000125647101160306              0000000000000000000000000000000000000000000000007500000000000000000000000000001160306                         0000000000000000000000000                                             000014
102021974950001161584870000003760                             82000035739      000                        1421150306                              150306000000000860010409156000000000000125647101160306              0000000000000000000000000000000000000000000000008600000000000000000000000000001160306                         0000000000000000000000000                                             000015
102021974950001161584870000003760                             82000036000      000                        1421150306                              150306000000000860006500016000000000000270663101160306              0000000000000000000000000000000000000000000000008600000000000000000000000000001160306                         0000000000000000000000000                                             000016
102021974950001161584870000003760                             82000036069      000                        1421150306                              150306000000000860006500016000000000000270663101160306              0000000000000000000000000000000000000000000000008600000000000000000000000000001160306                         0000000000000000000000000                                             000017
102021974950001161584870000003760                             82000036077      000                        1421150306                              150306000000000860006500016000000000000270663101160306              0000000000000000000000000000000000000000000000008600000000000000000000000000001160306                         0000000000000000000000000                                             000018
102021974950001161584870000003760                             82000036085      000                        1421150306                              150306000000000860006500016000000000000270663101160306              0000000000000000000000000000000000000000000000008600000000000000000000000000001160306                         0000000000000000000000000                                             000019
102021974950001161584870000003760                             82000036093      000                        1421150306                              150306000000000860006500016000000000000270663101160306              0000000000000000000000000000000000000000000000008600000000000000000000000000001160306                         0000000000000000000000000                                             000020
102021974950001161584870000003760                             82000036174      000                        1421150306                              150306000000000860010407757000000000000125647101160306              0000000000000000000000000000000000000000000000008600000000000000000000000000001160306                         0000000000000000000000000                                             000021
102021974950001161584870000003760                             82040102160      000                        1421150306                              100306000000000430010400523000000000000125647101160306              0000000000000000000000000000000000000000000000004407000000000010700000000000001160306                         0000000000000000000000000                                             000022
102021974950001161584870000003760                             82040123167      000                        1421150306                              100306000000000430010400523000000000000125647101160306              0000000000000000000000000000000000000000000000004408000000000010800000000000001160306                         0000000000000000000000000                                             000023
102021974950001161584870000003760                             82040212160      000                        1421150306                              100306000000000860010400523000000000000240655100150306              0000000000000000000000000000000000000000000000008812000000000021200000000000001150306                         0000000000000000000000000                                             000024
102021974950001161584870000003760                             82040213166      000                        1421150306                              100306000000000430010400523000000000000240655100150306              0000000000000000000000000000000000000000000000004406000000000010600000000000001150306                         0000000000000000000000000                                             000025
102021974950001161584870000003760                             82040304153      000                        1421150306                              100206000000000360010400523000000000000125647101160306              0000000000000000000000000000000000000000000000003804000000000020400000000000001160306                         0000000000000000000000000                                             000026
102021974950001161584870000003760                             82040322160      000                        1421150306                              100306000000000360010400523000000000000125647101160306              0000000000000000000000000000000000000000000000003677000000000007700000000000001160306                         0000000000000000000000000                                             000027
102021974950001161584870000003760                             82040328168      000                        1421150306                              100306000000000360010400523000000000000125647101160306              0000000000000000000000000000000000000000000000003692000000000009200000000000001160306                         0000000000000000000000000                                             000028
102021974950001161584870000003760                             82040609167      000                        1421150306                              100306000000000860010400523000000000000125647101160306              0000000000000000000000000000000000000000000000008815000000000021500000000000001160306                         0000000000000000000000000                                             000029
102021974950001161584870000003760                             82040634153      000                        1421150306                              150306000000000860075641796000000000000270663101160306              0000000000000000000000000000000000000000000000008600000000000000000000000000001160306                         0000000000000000000000000                                             000030
102021974950001161584870000003760                             82040639163      000                        1421150306                              100306000000000860010407730000000000000125647101160306              0000000000000000000000000000000000000000000000008815000000000021500000000000001160306                         0000000000000000000000000                                             000031
102021974950001161584870000003760                             82060112179      000                        1421150306                              150306000000000860075641796000000000000270663101160306              0000000000000000000000000000000000000000000000008600000000000000000000000000001160306                         0000000000000000000000000                                             000032
102021974950001161584870000003760                             82060116174      000                        1421150306                              150306000000000860006500016000000000000270663101160306              0000000000000000000000000000000000000000000000008600000000000000000000000000001160306                         0000000000000000000000000                                             000033
102021974950001161584870000003760                             82060134172      000                        1421150306                              150306000000000860006500016000000000000270663101160306              0000000000000000000000000000000000000000000000008600000000000000000000000000001160306                         0000000000000000000000000                                             000034
102021974950001161584870000003760                             82060143171      000                        1421150306                              150306000000000860075641796000000000000270663101160306              0000000000000000000000000000000000000000000000008600000000000000000000000000001160306                         0000000000000000000000000                                             000035
102021974950001161584870000003760                             82060301150      000                        1421150306                              150306000000000860010400477000000000000125647101160306              0000000000000000000000000000000000000000000000008600000000000000000000000000001160306                         0000000000000000000000000                                             000036
102021974950001161584870000003760                             82060304159      000                        1421150306                              150306000000000860002411536000000000000270663101160306              0000000000000000000000000000000000000000000000008600000000000000000000000000001160306                         0000000000000000000000000                                             000037
102021974950001161584870000003760                             82060307158      000                        1421150306                              000000000000000860039928996000000000000270663101160306              0000000000000000000000000000000000000000000000008600000000000000000000000000001160306                         0000000000000000000000000                                             000038
102021974950001161584870000003760                             82060317153      000                        1421150306                              150306000000000860010406785000000000000125647101160306              0000000000000000000000000000000000000000000000008600000000000000000000000000001160306                         0000000000000000000000000                                             000039
102021974950001161584870000003760                             82060318150      000                        1421150306                              150306000000000860010430171000000000000125647101160306              0000000000000000000000000000000000000000000000008600000000000000000000000000001160306                         0000000000000000000000000                                             000040
102021974950001161584870000003760                             82060324150      000                        1421150306                              150306000000000860010408761000000000000125647101160306              0000000000000000000000000000000000000000000000008600000000000000000000000000001160306                         0000000000000000000000000                                             000041
102021974950001161584870000003760                             82070301160      000                        1421150306                              150306000000000860010409172000000000000125647101160306              0000000000000000000000000000000000000000000000008600000000000000000000000000001160306                         0000000000000000000000000                                             000042
102021974950001161584870000003760                             82070304160      000                        1421150306                              150306000000000860023712326000000000000270663101160306              0000000000000000000000000000000000000000000000008600000000000000000000000000001160306                         0000000000000000000000000                                             000043
102021974950001161584870000003760                             82070321161      000                        1421150306                              150306000000000860010400450000000000000125647101160306              0000000000000000000000000000000000000000000000008600000000000000000000000000001160306                         0000000000000000000000000                                             000044
102021974950001161584870000003760                             82070324160      000                        1421150306                              150306000000000860006500016000000000000270663101160306              0000000000000000000000000000000000000000000000008600000000000000000000000000001160306                         0000000000000000000000000                                             000045
102021974950001161584870000003760                             82070325167      000                        1421150306                              150306000000000860035601326000000000000270663101160306              0000000000000000000000000000000000000000000000008600000000000000000000000000001160306                         0000000000000000000000000                                             000046
102021974950001161584870000003760                             82070406167      000                        1421150306                              000000000000000860040975226000000000000270663101160306              0000000000000000000000000000000000000000000000008600000000000000000000000000001160306                         0000000000000000000000000                                             000047
102021974950001161584870000003760                             82070417169      000                        1421150306                              000000000000000860039928996000000000000270663101160306              0000000000000000000000000000000000000000000000008600000000000000000000000000001160306                         0000000000000000000000000                                             000048
102021974950001161584870000003760                             82070419161      000                        1421150306                              000000000000000860040975226000000000000270663101160306              0000000000000000000000000000000000000000000000008600000000000000000000000000001160306                         0000000000000000000000000                                             000049
102021974950001161584870000003760                             82070523155      000                        1421150306                              150206000000000860010409440000000000000125647101160306              0000000000000000000000000000000000000000000000008996000000000039600000000000001160306                         0000000000000000000000000                                             000050
102021974950001161584870000003760                             82070528165      000                        1421150306                              000000000000000860039928996000000000000270663101160306              0000000000000000000000000000000000000000000000008600000000000000000000000000001160306                         0000000000000000000000000                                             000051
102021974950001161584870000003760                             82090313164      000                        1421150306                              100306000000000750010400540000000000000125647101160306              0000000000000000000000000000000000000000000000007685000000000018500000000000001160306                         0000000000000000000000000                                             000052
102021974950001161584870000003760                             82110101159      000                        1421150306                              100306000000000750010407765000000000000125647101160306              0000000000000000000000000000000000000000000000007688000000000018800000000000001160306                         0000000000000000000000000                                             000053
102021974950001161584870000003760                             82110109150      000                        1421150306                              100306000000000750010407765000000000000125647101160306              0000000000000000000000000000000000000000000000007687000000000018700000000000001160306                         0000000000000000000000000                                             000054
102021974950001161584870000003760                             82110401152      000                        1421150306                              000000000000000750023716956000000000000270663101160306              0000000000000000000000000000000000000000000000007500000000000000000000000000001160306                         0000000000000000000000000                                             000055
102021974950001161584870000003760                             82120121160      000                        1421150306                              100306000000000650010421245000000000000125647101160306              0000000000000000000000000000000000000000000000006660000000000016000000000000001160306                         0000000000000000000000000                                             000056
102021974950001161584870000003760                             82120121179      000                        1421150306                              100406000000000650010421245000000000000125647101160306              0000000000000000000000000000000000000000000000006500000000000000000000000000001160306                         0000000000000000000000000                                             000057
102021974950001161584870000003760                             82120129153      000                        1421150306                              100206000000000650010421245000000000000125647101160306              0000000000000000000000000000000000000000000000006828000000000032800000000000001160306                         0000000000000000000000000                                             000058
9201104                                                                                                                                                                                                                                                                                                                                                                                                   000059
