02RETORNO01COBRANCA       1584870000003760    IPAD                          104C ECON FEDERAL 150806                                                                                                                                                                                                                                                                                                 00267000001
102021974950001161584870000003760                             82010304139      000                        1421150806                              100806000000000660010409148000000000000125647101160806              0000000000000000000000000000000000000000000000006737000000000013700000000000001160806                         0000000000000000000000000                                             000002
102021974950001161584870000003760                             82010309130      000                        1421150806                              100806000000000660010409148000000000000125647101160806              0000000000000000000000000000000000000000000000006737000000000013700000000000001160806                         0000000000000000000000000                                             000003
102021974950001161584870000003760                             82010313138      000                        1421150806                              160806000000000660006500016000000000000270663101160806              0000000000000000000000000000000000000000000000006600000000000000000000000000001160806                         0000000000000000000000000                                             000004
102021974950001161584870000003760                             82030308148      000                        1421150806                              300606000000000860010409156000000000000125647101160806              0000000000000000000000000000000000000000000000009132000000000053200000000000001160806                         0000000000000000000000000                                             000005
102021974950001161584870000003760                             82030308156      000                        1421150806                              300706000000000860010409156000000000000125647101160806              0000000000000000000000000000000000000000000000008916000000000031600000000000001160806                         0000000000000000000000000                                             000006
102021974950001161584870000003760                             82030504125      000                        1421150806                              150806000000000760007347476000000000000270663101160806              0000000000000000000000000000000000000000000000007600000000000000000000000000001160806                         0000000000000000000000000                                             000007
102021974950001161584870000003760                             82030507124      000                        1421150806                              150806000000000760010409148000000000000125620101160806              0000000000000000000000000000000000000000000000007600000000000000000000000000001160806                         0000000000000000000000000                                             000008
102021974950001161584870000003760                             82030510125      000                        1421150806                              150806000000000760010409156000000000000125620101160806              0000000000000000000000000000000000000000000000007600000000000000000000000000001160806                         0000000000000000000000000                                             000009
102021974950001161584870000003760                             82030511121      000                        1421150806                              150806000000000760007347476000000000000270663101160806              0000000000000000000000000000000000000000000000007600000000000000000000000000001160806                         0000000000000000000000000                                             000010
102021974950001161584870000003760                             82030513124      000                        1421150806                              150806000000000760007347476000000000000270663101160806              0000000000000000000000000000000000000000000000007600000000000000000000000000001160806                         0000000000000000000000000                                             000011
102021974950001161584870000003760                             82030516123      000                        1421150806                              150806000000000760010409148000000000000125620101160806              0000000000000000000000000000000000000000000000007600000000000000000000000000001160806                         0000000000000000000000000                                             000012
102021974950001161584870000003760                             82030529128      000                        1421150806                              150806000000000760000121336000000000000270663101160806              0000000000000000000000000000000000000000000000007600000000000000000000000000001160806                         0000000000000000000000000                                             000013
102021974950001161584870000003760                             82030534113      000                        1421150806                              150706000000000760010409156000000000000240655100150806              0000000000000000000000000000000000000000000000007988000000000038800000000000001150806                         0000000000000000000000000                                             000014
102021974950001161584870000003760                             82030543120      000                        1421150806                              150806000000000760010409148000000000000125620101160806              0000000000000000000000000000000000000000000000007600000000000000000000000000001160806                         0000000000000000000000000                                             000015
102021974950001161584870000003760                             82060417123      000                        1421150806                              100806000000000760010430171000000000000125647101160806              0000000000000000000000000000000000000000000000007790000000000019000000000000001160806                         0000000000000000000000000                                             000016
102021974950001161584870000003760                             82060611159      000                        1421150806                              150806000000000750074500016000000000000270663101160806              0000000000000000000000000000000000000000000000007500000000000000000000000000001160806                         0000000000000000000000000                                             000017
102021974950001161584870000003760                             82060622150      000                        1421150806                              150806000000000750010412424000000000000125647101160806              0000000000000000000000000000000000000000000000007500000000000000000000000000001160806                         0000000000000000000000000                                             000018
102021974950001161584870000003760                             82060714152      000                        1421150806                              150806000000000860035610516000000000000270663101160806              0000000000000000000000000000000000000000000000008600000000000000000000000000001160806                         0000000000000000000000000                                             000019
102021974950001161584870000003760                             82060716155      000                        1421150806                              000000000000000860039928996000000000000270663101160806              0000000000000000000000000000000000000000000000008600000000000000000000000000001160806                         0000000000000000000000000                                             000020
102021974950001161584870000003760                             82070608142      000                        1421150806                              210806000000000760000107146000000000000270663101160806              0000000000000000000000000000000000000000000000007600000000000000000000000000001160806                         0000000000000000000000000                                             000021
102021974950001161584870000003760                             82070612140      000                        1421150806                              210806000000000760006500016000000000000270663101160806              0000000000000000000000000000000000000000000000007600000000000000000000000000001160806                         0000000000000000000000000                                             000022
102021974950001161584870000003760                             82070614142      000                        1421150806                              210806000000000760010409237000000000000125647101160806              0000000000000000000000000000000000000000000000007600000000000000000000000000001160806                         0000000000000000000000000                                             000023
102021974950001161584870000003760                             82070703129      000                        1421150806                              200806000000000760006500016000000000000270663101160806              0000000000000000000000000000000000000000000000007600000000000000000000000000001160806                         0000000000000000000000000                                             000024
102021974950001161584870000003760                             82070707124      000                        1421150806                              200806000000000760010405592000000000000125647101160806              0000000000000000000000000000000000000000000000007600000000000000000000000000001160806                         0000000000000000000000000                                             000025
102021974950001161584870000003760                             82070716123      000                        1421150806                              200806000000000760006500016000000000000270663101160806              0000000000000000000000000000000000000000000000007600000000000000000000000000001160806                         0000000000000000000000000                                             000026
102021974950001161584870000003760                             82070729128      000                        1421150806                              200806000000000760006500016000000000000270663101160806              0000000000000000000000000000000000000000000000007600000000000000000000000000001160806                         0000000000000000000000000                                             000027
102021974950001161584870000003760                             82071216124      000                        1421150806                              100806000000000760010409237000000000000240655100150806              0000000000000000000000000000000000000000000000007782000000000018200000000000001150806                         0000000000000000000000000                                             000028
102021974950001161584870000003760                             82071224127      000                        1421150806                              100806000000000760010400450000000000000125647101160806              0000000000000000000000000000000000000000000000007790000000000019000000000000001160806                         0000000000000000000000000                                             000029
102021974950001161584870000003760                             82071233118      000                        1421150806                              100706000000000760010400485000000000000125647101160806              0000000000000000000000000000000000000000000000008025000000000042500000000000001160806                         0000000000000000000000000                                             000030
9201104                                                                                                                                                                                                                                                                                                                                                                                                   000031
