02RETORNO01COBRANCA       1584870000003760    IPAD                          104C ECON FEDERAL 150207                                                                                                                                                                                                                                                                                                 00392000001
102021974950001161584870000003760                             82031130148      000                        1421150207                              100207000000000760010424465000000000000125647101160207              0000000000000000000000000000000000000000000000007787000000000018700000000000001160207                         0000000000000000000000000                                             000002
102021974950001161584870000003760                             82061022114      000                        1421150207                              280207000000000380010400540000000000000125647101160207              0000000000000000000000000000000000000000000000003800000000000000000000000000001160207                         0000000000000000000000000                                             000003
102021974950001161584870000003760                             82071437155      000                        1421150207                              140307000000000760035610286000000000000270663101160207              0000000000000000000000000000000000000000000000007600000000000000000000000000001160207                         0000000000000000000000000                                             000004
102021974950001161584870000003760                             82071437163      000                        1421150207                              140407000000000760035610286000000000000270663101160207              0000000000000000000000000000000000000000000000007600000000000000000000000000001160207                         0000000000000000000000000                                             000005
102021974950001161584870000003760                             82130414152      000                        1421150207                              100207000000000760010409148000000000000240655100150207              0000000000000000000000000000000000000000000000007790000000000019000000000000001150207                         0000000000000000000000000                                             000006
9201104                                                                                                                                                                                                                                                                                                                                                                                                   000007
