02RETORNO01COBRANCA       1584870000003760    IPAD                          104C ECON FEDERAL 120106                                                                                                                                                                                                                                                                                                 00120000001
102021974950001161584870000003760                             82010108135      000                        1421120106                              100106000000000750010414338000000000000125647101130106              0000000000000000000000000000000000000000000000007800000000000030000000000000001130106                         0000000000000000000000000                                             000002
102021974950001161584870000003760                             82010127130      000                        1421120106                              100106000000000750010414338000000000000240655100120106              0000000000000000000000000000000000000000000000007800000000000030000000000000001120106                         0000000000000000000000000                                             000003
102021974950001161584870000003760                             82030121137      000                        1421120106                              100106000000000750010424465000000000000125647101130106              0000000000000000000000000000000000000000000000007500000000000000000000000000001130106                         0000000000000000000000000                                             000004
102021974950001161584870000003760                             82040118147      000                        1421120106                              100106000000000430010400523000000000000125647101130106              0000000000000000000000000000000000000000000000004395000000000009500000000000001130106                         0000000000000000000000000                                             000005
102021974950001161584870000003760                             82040130147      000                        1421120106                              100106000000000430010400523000000000000125647101130106              0000000000000000000000000000000000000000000000004394000000000009400000000000001130106                         0000000000000000000000000                                             000006
102021974950001161584870000003760                             82040331134      000                        1421120106                              151205000000000360010400523000000000000125647101130106              0000000000000000000000000000000000000000000000003784000000000018400000000000001130106                         0000000000000000000000000                                             000007
102021974950001161584870000003760                             82040611145      000                        1421120106                              100106000000000860010400523000000000000125647101130106              0000000000000000000000000000000000000000000000008789000000000018900000000000001130106                         0000000000000000000000000                                             000008
102021974950001161584870000003760                             82050304148      000                        1421120106                              100106000000000860010427782000000000000125647101130106              0000000000000000000000000000000000000000000000008789000000000018900000000000001130106                         0000000000000000000000000                                             000009
102021974950001161584870000003760                             82050309140      000                        1421120106                              100106000000000860010427782000000000000125647101130106              0000000000000000000000000000000000000000000000008789000000000018900000000000001130106                         0000000000000000000000000                                             000010
102021974950001161584870000003760                             82050310148      000                        1421120106                              100106000000000860010410383000000000000125647101130106              0000000000000000000000000000000000000000000000008788000000000018800000000000001130106                         0000000000000000000000000                                             000011
102021974950001161584870000003760                             82060112152      000                        1421120106                              150106000000000860006500016000000000000270663101130106              0000000000000000000000000000000000000000000000008600000000000000000000000000001130106                         0000000000000000000000000                                             000012
102021974950001161584870000003760                             82060211134      000                        1421120106                              100106000000000860010421911000000000000125647101130106              0000000000000000000000000000000000000000000000008789000000000018900000000000001130106                         0000000000000000000000000                                             000013
102021974950001161584870000003760                             82060217132      000                        1421120106                              100106000000000860010421911000000000000125647101130106              0000000000000000000000000000000000000000000000008789000000000018900000000000001130106                         0000000000000000000000000                                             000014
102021974950001161584870000003760                             82060301133      000                        1421120106                              000000000000000860039928996000000000000270663101130106              0000000000000000000000000000000000000000000000008600000000000000000000000000001130106                         0000000000000000000000000                                             000015
102021974950001161584870000003760                             82060315134      000                        1421120106                              150106000000000860010408761000000000000125647101130106              0000000000000000000000000000000000000000000000008600000000000000000000000000001130106                         0000000000000000000000000                                             000016
102021974950001161584870000003760                             82060326136      000                        1421120106                              150106000000000860010408761000000000000125647101130106              0000000000000000000000000000000000000000000000008600000000000000000000000000001130106                         0000000000000000000000000                                             000017
102021974950001161584870000003760                             82070104144      000                        1421120106                              100106000000000860010400493000000000000240655100120106              0000000000000000000000000000000000000000000000008778000000000017800000000000001120106                         0000000000000000000000000                                             000018
102021974950001161584870000003760                             82070129139      000                        1421120106                              101205000000000860010410286000000000000240655100120106              0000000000000000000000000000000000000000000000008789000000000018900000000000001120106                         0000000000000000000000000                                             000019
102021974950001161584870000003760                             82070220144      000                        1421120106                              100106000000000860010409440000000000000125647101130106              0000000000000000000000000000000000000000000000008789000000000018900000000000001130106                         0000000000000000000000000                                             000020
102021974950001161584870000003760                             82070222147      000                        1421120106                              100106000000000860010409237000000000000125647101130106              0000000000000000000000000000000000000000000000008790000000000019000000000000001130106                         0000000000000000000000000                                             000021
102021974950001161584870000003760                             82070301144      000                        1421120106                              000000000000000860040975226000000000000270663101130106              0000000000000000000000000000000000000000000000008600000000000000000000000000001130106                         0000000000000000000000000                                             000022
102021974950001161584870000003760                             82070304143      000                        1421120106                              000000000000000860039928996000000000000270663101130106              0000000000000000000000000000000000000000000000008600000000000000000000000000001130106                         0000000000000000000000000                                             000023
102021974950001161584870000003760                             82070405144      000                        1421120106                              000000000000000860040975226000000000000270663101130106              0000000000000000000000000000000000000000000000008600000000000000000000000000001130106                         0000000000000000000000000                                             000024
102021974950001161584870000003760                             82070410148      000                        1421120106                              150106000000000860010410308000000000000125647101130106              0000000000000000000000000000000000000000000000008600000000000000000000000000001130106                         0000000000000000000000000                                             000025
102021974950001161584870000003760                             82070421140      000                        1421120106                              150106000000000860075641796000000000000270663101130106              0000000000000000000000000000000000000000000000008600000000000000000000000000001130106                         0000000000000000000000000                                             000026
102021974950001161584870000003760                             82070509144      000                        1421120106                              000000000000000860040975226000000000000270663101130106              0000000000000000000000000000000000000000000000008600000000000000000000000000001130106                         0000000000000000000000000                                             000027
102021974950001161584870000003760                             82090416141      000                        1421120106                              100106000000000750010400540000000000000125647101130106              0000000000000000000000000000000000000000000000007665000000000016500000000000001130106                         0000000000000000000000000                                             000028
102021974950001161584870000003760                             82090804125      000                        1421120106                              150106000000000450023718776000000000000270663101130106              0000000000000000000000000000000000000000000000004500000000000000000000000000001130106                         0000000000000000000000000                                             000029
102021974950001161584870000003760                             82091126147      000                        1421120106                              100106000000000750010408770000000000000125647101130106              0000000000000000000000000000000000000000000000007665000000000016500000000000001130106                         0000000000000000000000000                                             000030
102021974950001161584870000003760                             82091212140      000                        1421120106                              100106000000000750010400540000000000000125647101130106              0000000000000000000000000000000000000000000000007665000000000016500000000000001130106                         0000000000000000000000000                                             000031
102021974950001161584870000003760                             82110121133      000                        1421120106                              100106000000000750010407765000000000000125647101130106              0000000000000000000000000000000000000000000000007725000000000022500000000000001130106                         0000000000000000000000000                                             000032
102021974950001161584870000003760                             82110324131      000                        1421120106                              100106000000000860010407765000000000000125647101130106              0000000000000000000000000000000000000000000000008789000000000018900000000000001130106                         0000000000000000000000000                                             000033
102021974950001161584870000003760                             82120109144      000                        1421120106                              100106000000000650010421245000000000000125647101130106              0000000000000000000000000000000000000000000000006642000000000014200000000000001130106                         0000000000000000000000000                                             000034
102021974950001161584870000003760                             82120126146      000                        1421120106                              100106000000000650010421245000000000000240655100120106              0000000000000000000000000000000000000000000000006643000000000014300000000000001120106                         0000000000000000000000000                                             000035
9201104                                                                                                                                                                                                                                                                                                                                                                                                   000036
