02RETORNO01COBRANCA       1584870000003760    IPAD                          104C ECON FEDERAL 150107                                                                                                                                                                                                                                                                                                 00369000001
102021974950001161584870000003760                             82000049527      000                        1421150107                              000000000000000760010409156000000000000125647101160107              0000000000000000000000000000000000000000000000007600000000000000000000000000001160107                         0000000000000000000000000                                             000002
102021974950001161584870000003760                             82010312174      000                        1421150107                              101206000000000660010409148000000000000125647101160107              0000000000000000000000000000000000000000000000006755000000000015500000000000001160107                         0000000000000000000000000                                             000003
102021974950001161584870000003760                             82030503170      000                        1421150107                              150107000000000760000121336000000000000270663101160107              0000000000000000000000000000000000000000000000007600000000000000000000000000001160107                         0000000000000000000000000                                             000004
102021974950001161584870000003760                             82030504176      000                        1421150107                              150107000000000760007347476000000000000270663101160107              0000000000000000000000000000000000000000000000007600000000000000000000000000001160107                         0000000000000000000000000                                             000005
102021974950001161584870000003760                             82030506179      000                        1421150107                              150107000000000760010409156000000000000125620101160107              0000000000000000000000000000000000000000000000007600000000000000000000000000001160107                         0000000000000000000000000                                             000006
102021974950001161584870000003760                             82030507175      000                        1421150107                              150107000000000760006500016000000000000270663101160107              0000000000000000000000000000000000000000000000007600000000000000000000000000001160107                         0000000000000000000000000                                             000007
102021974950001161584870000003760                             82030509178      000                        1421150107                              150107000000000760010409156000000000000125647101160107              0000000000000000000000000000000000000000000000007600000000000000000000000000001160107                         0000000000000000000000000                                             000008
102021974950001161584870000003760                             82030525173      000                        1421150107                              150107000000000760010409156000000000000125620101160107              0000000000000000000000000000000000000000000000007600000000000000000000000000001160107                         0000000000000000000000000                                             000009
102021974950001161584870000003760                             82030530177      000                        1421150107                              150107000000000760000121336000000000000270663101160107              0000000000000000000000000000000000000000000000007600000000000000000000000000001160107                         0000000000000000000000000                                             000010
102021974950001161584870000003760                             82030541179      000                        1421150107                              150107000000000760010409148000000000000125620101160107              0000000000000000000000000000000000000000000000007600000000000000000000000000001160107                         0000000000000000000000000                                             000011
102021974950001161584870000003760                             82030551174      000                        1421150107                              150107000000000760010409148000000000000125620101160107              0000000000000000000000000000000000000000000000007600000000000000000000000000001160107                         0000000000000000000000000                                             000012
102021974950001161584870000003760                             82030801162      000                        1421150107                              150107000000000760010409156000000000000125647101160107              0000000000000000000000000000000000000000000000007600000000000000000000000000001160107                         0000000000000000000000000                                             000013
102021974950001161584870000003760                             82030805125      000                        1421150107                              150906000000000760010409156000000000000125647101160107              0000000000000000000000000000000000000000000000008679000000000107900000000000001160107                         0000000000000000000000000                                             000014
102021974950001161584870000003760                             82030805133      000                        1421150107                              151006000000000760010409156000000000000125647101160107              0000000000000000000000000000000000000000000000008451000000000085100000000000001160107                         0000000000000000000000000                                             000015
102021974950001161584870000003760                             82030808124      000                        1421150107                              150906000000000760010409156000000000000125647101160107              0000000000000000000000000000000000000000000000008679000000000107900000000000001160107                         0000000000000000000000000                                             000016
102021974950001161584870000003760                             82030808132      000                        1421150107                              151006000000000760010409156000000000000125647101160107              0000000000000000000000000000000000000000000000008451000000000085100000000000001160107                         0000000000000000000000000                                             000017
102021974950001161584870000003760                             82030811168      000                        1421150107                              150107000000000760010409156000000000000125647101160107              0000000000000000000000000000000000000000000000007600000000000000000000000000001160107                         0000000000000000000000000                                             000018
102021974950001161584870000003760                             82030813160      000                        1421150107                              150107000000000760010409156000000000000125647101160107              0000000000000000000000000000000000000000000000007600000000000000000000000000001160107                         0000000000000000000000000                                             000019
102021974950001161584870000003760                             82031130130      000                        1421150107                              100107000000000760010424465000000000000125647101160107              0000000000000000000000000000000000000000000000007857000000000025700000000000001160107                         0000000000000000000000000                                             000020
102021974950001161584870000003760                             82060405176      000                        1421150107                              100107000000000760010430171000000000000240655100150107              0000000000000000000000000000000000000000000000007790000000000019000000000000001150107                         0000000000000000000000000                                             000021
102021974950001161584870000003760                             82060528170      000                        1421150107                              100107000000000760010410286000000000000125647101160107              0000000000000000000000000000000000000000000000007790000000000019000000000000001160107                         0000000000000000000000000                                             000022
102021974950001161584870000003760                             82061040112      000                        1421150107                              150107000000000760000113596000000000000270663101160107              0000000000000000000000000000000000000000000000007600000000000000000000000000001160107                         0000000000000000000000000                                             000023
102021974950001161584870000003760                             82071402130      000                        1421150107                              140107000000000760007347476000000000000270663101160107              0000000000000000000000000000000000000000000000007600000000000000000000000000001160107                         0000000000000000000000000                                             000024
102021974950001161584870000003760                             82071406136      000                        1421150107                              100107000000000760010421245000000000000125647101160107              0000000000000000000000000000000000000000000000007790000000000019000000000000001160107                         0000000000000000000000000                                             000025
102021974950001161584870000003760                             82071437120      000                        1421150107                              310107000000000760035610286000000000000270663101160107              0000000000000000000000000000000000000000000000007600000000000000000000000000001160107                         0000000000000000000000000                                             000026
102021974950001161584870000003760                             82071439131      000                        1421150107                              140107000000000760039928996000000000000270663101160107              0000000000000000000000000000000000000000000000007600000000000000000000000000001160107                         0000000000000000000000000                                             000027
102021974950001161584870000003760                             82110614148      000                        1421150107                              201206000000000750010407765000000000000125647101160107              0000000000000000000000000000000000000000000000007837000000000033700000000000001160107                         0000000000000000000000000                                             000028
102021974950001161584870000003760                             82110625174      000                        1421150107                              100107000000000750010407765000000000000125647101160107              0000000000000000000000000000000000000000000000007674000000000017400000000000001160107                         0000000000000000000000000                                             000029
102021974950001161584870000003760                             82111025138      000                        1421150107                              110107000000000760010407765000000000000125647101160107              0000000000000000000000000000000000000000000000007794000000000019400000000000001160107                         0000000000000000000000000                                             000030
102021974950001161584870000003760                             82130408144      000                        1421150107                              100107000000000760010409148000000000000125647101160107              0000000000000000000000000000000000000000000000007790000000000019000000000000001160107                         0000000000000000000000000                                             000031
102021974950001161584870000003760                             82130422139      000                        1421150107                              101206000000000760010407765000000000000125647101160107              0000000000000000000000000000000000000000000000007997000000000039700000000000001160107                         0000000000000000000000000                                             000032
102021974950001161584870000003760                             82130426142      000                        1421150107                              100107000000000760010409148000000000000125647101160107              0000000000000000000000000000000000000000000000007755000000000015500000000000001160107                         0000000000000000000000000                                             000033
9201104                                                                                                                                                                                                                                                                                                                                                                                                   000034
