02RETORNO01COBRANCA       1584870000003760    IPAD                          104C ECON FEDERAL 160806                                                                                                                                                                                                                                                                                                 00268000001
102021974950001161584870000003760                             82000046129      000                        1421160806                              000000000000000760007347476000000000000270663101170806              0000000000000000000000000000000000000000000000007600000000000000000000000000001170806                         0000000000000000000000000                                             000002
102021974950001161584870000003760                             82000046676      000                        1421160806                              000000000000000760007347476000000000000270663101170806              0000000000000000000000000000000000000000000000007600000000000000000000000000001170806                         0000000000000000000000000                                             000003
102021974950001161584870000003760                             82000046757      000                        1421160806                              000000000000000760039928996000000000000270663101170806              0000000000000000000000000000000000000000000000007600000000000000000000000000001170806                         0000000000000000000000000                                             000004
102021974950001161584870000003760                             82000047478      000                        1421160806                              000000000000000760010430155000000000000240655100160806              0000000000000000000000000000000000000000000000007600000000000000000000000000001160806                         0000000000000000000000000                                             000005
102021974950001161584870000003760                             82010302136      000                        1421160806                              160806000000000660006500016000000000000270663101170806              0000000000000000000000000000000000000000000000006600000000000000000000000000001170806                         0000000000000000000000000                                             000006
102021974950001161584870000003760                             82010308134      000                        1421160806                              160806000000000660000110606000000000000270663101170806              0000000000000000000000000000000000000000000000006600000000000000000000000000001170806                         0000000000000000000000000                                             000007
102021974950001161584870000003760                             82010329131      000                        1421160806                              160806000000002100000110606000000000000270663101170806              0000000000000000000000000000000000000000000000021000000000000000000000000000001170806                         0000000000000000000000000                                             000008
102021974950001161584870000003760                             82030230130      000                        1421160806                              100806000000000760010409156000000000000125647101170806              0000000000000000000000000000000000000000000000007800000000000020000000000000001170806                         0000000000000000000000000                                             000009
102021974950001161584870000003760                             82030715118      000                        1421160806                              100806000000000760010409148000000000000125647101170806              0000000000000000000000000000000000000000000000007752000000000015200000000000001170806                         0000000000000000000000000                                             000010
102021974950001161584870000003760                             82030801120      000                        1421160806                              100806000000000760010409156000000000000125647101170806              0000000000000000000000000000000000000000000000007797000000000019700000000000001170806                         0000000000000000000000000                                             000011
102021974950001161584870000003760                             82030803122      000                        1421160806                              100806000000000760010409156000000000000125647101170806              0000000000000000000000000000000000000000000000007797000000000019700000000000001170806                         0000000000000000000000000                                             000012
102021974950001161584870000003760                             82030804129      000                        1421160806                              100806000000000760010409156000000000000125647101170806              0000000000000000000000000000000000000000000000007797000000000019700000000000001170806                         0000000000000000000000000                                             000013
102021974950001161584870000003760                             82030811125      000                        1421160806                              100806000000000760010409156000000000000125647101170806              0000000000000000000000000000000000000000000000007797000000000019700000000000001170806                         0000000000000000000000000                                             000014
102021974950001161584870000003760                             82030812121      000                        1421160806                              100806000000000760010409156000000000000125647101170806              0000000000000000000000000000000000000000000000007797000000000019700000000000001170806                         0000000000000000000000000                                             000015
102021974950001161584870000003760                             82030813128      000                        1421160806                              100806000000000760010409156000000000000125647101170806              0000000000000000000000000000000000000000000000007797000000000019700000000000001170806                         0000000000000000000000000                                             000016
102021974950001161584870000003760                             82030816127      000                        1421160806                              100806000000000760010409156000000000000125647101170806              0000000000000000000000000000000000000000000000007797000000000019700000000000001170806                         0000000000000000000000000                                             000017
102021974950001161584870000003760                             82060415112      000                        1421160806                              100706000000000760010408761000000000000240655100160806              0000000000000000000000000000000000000000000000008344000000000074400000000000001160806                         0000000000000000000000000                                             000018
102021974950001161584870000003760                             82070618148      000                        1421160806                              210806000000000760010415830000000000000125647101170806              0000000000000000000000000000000000000000000000007600000000000000000000000000001170806                         0000000000000000000000000                                             000019
102021974950001161584870000003760                             82070627139      000                        1421160806                              210706000000000760010405592000000000000125647101170806              0000000000000000000000000000000000000000000000007949000000000034900000000000001170806                         0000000000000000000000000                                             000020
102021974950001161584870000003760                             82070628135      000                        1421160806                              210706000000000760010405592000000000000240655100160806              0000000000000000000000000000000000000000000000007952000000000035200000000000001160806                         0000000000000000000000000                                             000021
102021974950001161584870000003760                             82070704125      000                        1421160806                              200806000000000760010405592000000000000125647101170806              0000000000000000000000000000000000000000000000007600000000000000000000000000001170806                         0000000000000000000000000                                             000022
102021974950001161584870000003760                             82090306176      000                        1421160806                              100606000000000750010407749000000000000125647101170806              0000000000000000000000000000000000000000000000008119000000000061900000000000001170806                         0000000000000000000000000                                             000023
102021974950001161584870000003760                             82090721173      000                        1421160806                              100706000000000750010408770000000000000125647101170806              0000000000000000000000000000000000000000000000007902000000000040200000000000001170806                         0000000000000000000000000                                             000024
9201104                                                                                                                                                                                                                                                                                                                                                                                                   000025
