02RETORNO01COBRANCA       1584870000003760    IPAD                          104C ECON FEDERAL 160206                                                                                                                                                                                                                                                                                                 00145000001
102021974950001161584870000003760                             82040220154      000                        1421160206                              100206000000000430010400523000000000000240655100160206              0000000000000000000000000000000000000000000000004410000000000011000000000000001160206                         0000000000000000000000000                                             000002
102021974950001161584870000003760                             82040325142      000                        1421160206                              100106000000000360010400523000000000000125647101170206              0000000000000000000000000000000000000000000000003820000000000022000000000000001170206                         0000000000000000000000000                                             000003
102021974950001161584870000003760                             82040325150      000                        1421160206                              100206000000000360010400523000000000000125647101170206              0000000000000000000000000000000000000000000000003696000000000009600000000000001170206                         0000000000000000000000000                                             000004
102021974950001161584870000003760                             82040420145      000                        1421160206                              100206000000000860010400523000000000000240655100160206              0000000000000000000000000000000000000000000000008820000000000022000000000000001160206                         0000000000000000000000000                                             000005
102021974950001161584870000003760                             82040526156      000                        1421160206                              100206000000000860010400523000000000000125647101170206              0000000000000000000000000000000000000000000000008823000000000022300000000000001170206                         0000000000000000000000000                                             000006
102021974950001161584870000003760                             82040534159      000                        1421160206                              100206000000000860010400523000000000000125647101170206              0000000000000000000000000000000000000000000000008824000000000022400000000000001170206                         0000000000000000000000000                                             000007
102021974950001161584870000003760                             82040632150      000                        1421160206                              100206000000000860010400523000000000000125647101170206              0000000000000000000000000000000000000000000000008808000000000020800000000000001170206                         0000000000000000000000000                                             000008
102021974950001161584870000003760                             82050103150      000                        1421160206                              100206000000000400010400531000000000000125647101170206              0000000000000000000000000000000000000000000000004105000000000010500000000000001170206                         0000000000000000000000000                                             000009
102021974950001161584870000003760                             82050309158      000                        1421160206                              100206000000000860010427782000000000000125647101170206              0000000000000000000000000000000000000000000000008823000000000022300000000000001170206                         0000000000000000000000000                                             000010
102021974950001161584870000003760                             82070120158      000                        1421160206                              100206000000000860010415814000000000000125647101170206              0000000000000000000000000000000000000000000000008824000000000022400000000000001170206                         0000000000000000000000000                                             000011
102021974950001161584870000003760                             82070417150      000                        1421160206                              150206000000000860010423469000000000000125647101170206              0000000000000000000000000000000000000000000000008781000000000018100000000000001170206                         0000000000000000000000000                                             000012
102021974950001161584870000003760                             82090631115      000                        1421160206                              200206000000009750000126696000000000000270663101170206              0000000000000000000000000000000000000000000000097500000000000000000000000000001170206                         0000000000000000000000000                                             000013
102021974950001161584870000003760                             82090631123      000                        1421160206                              200206000000009750000126696000000000000270663101170206              0000000000000000000000000000000000000000000000097500000000000000000000000000001170206                         0000000000000000000000000                                             000014
102021974950001161584870000003760                             82091020152      000                        1421160206                              100206000000000375010408770000000000000125647101170206              0000000000000000000000000000000000000000000000003843000000000009300000000000001170206                         0000000000000000000000000                                             000015
9201104                                                                                                                                                                                                                                                                                                                                                                                                   000016
