02RETORNO01COBRANCA       1584870000003760    IPAD                          104C ECON FEDERAL 160506                                                                                                                                                                                                                                                                                                 00203000001
102021974950001161584870000003760                             82000039700      000                        1421160506                              000000000000000760006500016000000000000270663101170506              0000000000000000000000000000000000000000000000007600000000000000000000000000001170506                         0000000000000000000000000                                             000002
102021974950001161584870000003760                             82000043820      000                        1421160506                              000000000000000760010409148000000000000125647101170506              0000000000000000000000000000000000000000000000007600000000000000000000000000001170506                         0000000000000000000000000                                             000003
102021974950001161584870000003760                             82000043995      000                        1421160506                              000000000000000760010409148000000000000125647101170506              0000000000000000000000000000000000000000000000007600000000000000000000000000001170506                         0000000000000000000000000                                             000004
102021974950001161584870000003760                             82000044568      000                        1421160506                              000000000000000760023732016000000000000270663101170506              0000000000000000000000000000000000000000000000007600000000000000000000000000001170506                         0000000000000000000000000                                             000005
102021974950001161584870000003760                             82000044690      000                        1421160506                              000000000000000760010400485000000000000240655100160506              0000000000000000000000000000000000000000000000007600000000000000000000000000001160506                         0000000000000000000000000                                             000006
102021974950001161584870000003760                             82000044797      000                        1421160506                              000000000000000860006500016000000000000270663101170506              0000000000000000000000000000000000000000000000008600000000000000000000000000001170506                         0000000000000000000000000                                             000007
102021974950001161584870000003760                             82010222175      000                        1421160506                              100506000000000420010414338000000000000240655100160506              0000000000000000000000000000000000000000000000004309000000000010900000000000001160506                         0000000000000000000000000                                             000008
102021974950001161584870000003760                             82030134174      000                        1421160506                              100506000000000750010424465000000000000240655100160506              0000000000000000000000000000000000000000000000007695000000000019500000000000001160506                         0000000000000000000000000                                             000009
102021974950001161584870000003760                             82060117154      000                        1421160506                              150506000000000860010430171000000000000125647101170506              0000000000000000000000000000000000000000000000008780000000000018000000000000001170506                         0000000000000000000000000                                             000010
102021974950001161584870000003760                             82060234150      000                        1421160506                              100306000000000860010421911000000000000125647101170506              0000000000000000000000000000000000000000000000009348000000000074800000000000001170506                         0000000000000000000000000                                             000011
102021974950001161584870000003760                             82060234169      000                        1421160506                              100406000000000860010421911000000000000125647101170506              0000000000000000000000000000000000000000000000009081000000000048100000000000001170506                         0000000000000000000000000                                             000012
102021974950001161584870000003760                             82060234177      000                        1421160506                              100506000000000860010421911000000000000125647101170506              0000000000000000000000000000000000000000000000008823000000000022300000000000001170506                         0000000000000000000000000                                             000013
102021974950001161584870000003760                             82060607127      000                        1421160506                              150506000000000750010412424000000000000125647101170506              0000000000000000000000000000000000000000000000007658000000000015800000000000001170506                         0000000000000000000000000                                             000014
102021974950001161584870000003760                             82060609120      000                        1421160506                              150506000000000750010412424000000000000125647101170506              0000000000000000000000000000000000000000000000007658000000000015800000000000001170506                         0000000000000000000000000                                             000015
102021974950001161584870000003760                             82070103172      000                        1421160506                              100406000000000860010409172000000000000240655100160506              0000000000000000000000000000000000000000000000009081000000000048100000000000001160506                         0000000000000000000000000                                             000016
102021974950001161584870000003760                             82070612115      000                        1421160506                              210506000000000760006500016000000000000270663101170506              0000000000000000000000000000000000000000000000007600000000000000000000000000001170506                         0000000000000000000000000                                             000017
102021974950001161584870000003760                             82070626116      000                        1421160506                              210506000000000760010405592000000000000125647101170506              0000000000000000000000000000000000000000000000007600000000000000000000000000001170506                         0000000000000000000000000                                             000018
102021974950001161584870000003760                             82090205175      000                        1421160506                              100406000000000750010400540000000000000125647101170506              0000000000000000000000000000000000000000000000007902000000000040200000000000001170506                         0000000000000000000000000                                             000019
102021974950001161584870000003760                             82110333157      000                        1421160506                              100306000000000860010407765000000000000125647101170506              0000000000000000000000000000000000000000000000009375000000000077500000000000001170506                         0000000000000000000000000                                             000020
102021974950001161584870000003760                             82110333165      000                        1421160506                              100406000000000860010407765000000000000125647101170506              0000000000000000000000000000000000000000000000009096000000000049600000000000001170506                         0000000000000000000000000                                             000021
102021974950001161584870000003760                             82110333173      000                        1421160506                              100506000000000860010407765000000000000125647101170506              0000000000000000000000000000000000000000000000008826000000000022600000000000001170506                         0000000000000000000000000                                             000022
102021974950001161584870000003760                             82110402175      000                        1421160506                              200506000000000750010408125000000000000125647101170506              0000000000000000000000000000000000000000000000007500000000000000000000000000001170506                         0000000000000000000000000                                             000023
102021974950001161584870000003760                             82110406170      000                        1421160506                              200506000000000750006500016000000000000270663101170506              0000000000000000000000000000000000000000000000007500000000000000000000000000001170506                         0000000000000000000000000                                             000024
9201104                                                                                                                                                                                                                                                                                                                                                                                                   000025
