02RETORNO01COBRANCA       1584870000003760    IPAD                          104C ECON FEDERAL 160107                                                                                                                                                                                                                                                                                                 00370000001
102021974950001161584870000003760                             82030520120      000                        1421160107                              151206000000000760010409156000000000000240655100160107              0000000000000000000000000000000000000000000000008008000000000040800000000000001160107                         0000000000000000000000000                                             000002
102021974950001161584870000003760                             82030520139      000                        1421160107                              151206000000000760010409156000000000000240655100160107              0000000000000000000000000000000000000000000000008008000000000040800000000000001160107                         0000000000000000000000000                                             000003
102021974950001161584870000003760                             82030541160      000                        1421160107                              151206000000000760010409148000000000000125647101170107              0000000000000000000000000000000000000000000000007759000000000015900000000000001170107                         0000000000000000000000000                                             000004
102021974950001161584870000003760                             82030554122      000                        1421160107                              151206000000000760010409156000000000000240655100160107              0000000000000000000000000000000000000000000000008008000000000040800000000000001160107                         0000000000000000000000000                                             000005
102021974950001161584870000003760                             82030554130      000                        1421160107                              151206000000000760010409156000000000000240655100160107              0000000000000000000000000000000000000000000000008008000000000040800000000000001160107                         0000000000000000000000000                                             000006
102021974950001161584870000003760                             82030804161      000                        1421160107                              150107000000000760010409156000000000000125647101170107              0000000000000000000000000000000000000000000000007760000000000016000000000000001170107                         0000000000000000000000000                                             000007
102021974950001161584870000003760                             82030807160      000                        1421160107                              150107000000000760010409156000000000000125647101170107              0000000000000000000000000000000000000000000000007760000000000016000000000000001170107                         0000000000000000000000000                                             000008
102021974950001161584870000003760                             82031026111      000                        1421160107                              301206000000000760010409148000000000000125647101170107              0000000000000000000000000000000000000000000000007873000000000027300000000000001170107                         0000000000000000000000000                                             000009
102021974950001161584870000003760                             82050320178      000                        1421160107                              250107000000000860010427782000000000000125647101170107              0000000000000000000000000000000000000000000000008600000000000000000000000000001170107                         0000000000000000000000000                                             000010
102021974950001161584870000003760                             82070718177      000                        1421160107                              200107000000000760010400477000000000000125647101170107              0000000000000000000000000000000000000000000000007600000000000000000000000000001170107                         0000000000000000000000000                                             000011
102021974950001161584870000003760                             82071227177      000                        1421160107                              100107000000000760010410308000000000000125647101170107              0000000000000000000000000000000000000000000000007797000000000019700000000000001170107                         0000000000000000000000000                                             000012
102021974950001161584870000003760                             82130419146      000                        1421160107                              100107000000000760010409148000000000000125647101170107              0000000000000000000000000000000000000000000000007758000000000015800000000000001170107                         0000000000000000000000000                                             000013
9201104                                                                                                                                                                                                                                                                                                                                                                                                   000014
