02RETORNO01COBRANCA       1584870000003760    IPAD                          104C ECON FEDERAL 130406                                                                                                                                                                                                                                                                                                 00183000001
102021974950001161584870000003760                             82040113170      000                        1421130406                              100406000000000430010400523000000000000125647101170406              0000000000000000000000000000000000000000000000004399000000000009900000000000001170406                         0000000000000000000000000                                             000002
102021974950001161584870000003760                             82040124171      000                        1421130406                              100406000000000430010400523000000000000125647101170406              0000000000000000000000000000000000000000000000004398000000000009800000000000001170406                         0000000000000000000000000                                             000003
102021974950001161584870000003760                             82040430175      000                        1421130406                              100406000000000860010400523000000000000125647101170406              0000000000000000000000000000000000000000000000008798000000000019800000000000001170406                         0000000000000000000000000                                             000004
102021974950001161584870000003760                             82050137179      000                        1421130406                              100406000000000400010412955000000000000125647101170406              0000000000000000000000000000000000000000000000004092000000000009200000000000001170406                         0000000000000000000000000                                             000005
102021974950001161584870000003760                             82050205166      000                        1421130406                              100306000000000400010400531000000000000125647101170406              0000000000000000000000000000000000000000000000004216000000000021600000000000001170406                         0000000000000000000000000                                             000006
102021974950001161584870000003760                             82050205174      000                        1421130406                              100406000000000400010400531000000000000125647101170406              0000000000000000000000000000000000000000000000004092000000000009200000000000001170406                         0000000000000000000000000                                             000007
102021974950001161584870000003760                             82060304167      000                        1421130406                              150406000000000860002411546000000000000270663101170406              0000000000000000000000000000000000000000000000008600000000000000000000000000001170406                         0000000000000000000000000                                             000008
102021974950001161584870000003760                             82060310167      000                        1421130406                              150406000000000860006500016000000000000270663101170406              0000000000000000000000000000000000000000000000008600000000000000000000000000001170406                         0000000000000000000000000                                             000009
102021974950001161584870000003760                             82060318168      000                        1421130406                              150406000000000860010430171000000000000125647101170406              0000000000000000000000000000000000000000000000008600000000000000000000000000001170406                         0000000000000000000000000                                             000010
102021974950001161584870000003760                             82060320162      000                        1421130406                              150406000000000860010408761000000000000125647101170406              0000000000000000000000000000000000000000000000008600000000000000000000000000001170406                         0000000000000000000000000                                             000011
102021974950001161584870000003760                             82070126172      000                        1421130406                              100406000000000860010412947000000000000125647101170406              0000000000000000000000000000000000000000000000008798000000000019800000000000001170406                         0000000000000000000000000                                             000012
102021974950001161584870000003760                             82070206176      000                        1421130406                              100406000000000860010430171000000000000125647101170406              0000000000000000000000000000000000000000000000008797000000000019700000000000001170406                         0000000000000000000000000                                             000013
102021974950001161584870000003760                             82070324179      000                        1421130406                              150406000000000860010423485000000000000240655100130406              0000000000000000000000000000000000000000000000008600000000000000000000000000001130406                         0000000000000000000000000                                             000014
102021974950001161584870000003760                             82070415158      000                        1421130406                              150206000000000860010408672000000000000125647101170406              0000000000000000000000000000000000000000000000009285000000000068500000000000001170406                         0000000000000000000000000                                             000015
102021974950001161584870000003760                             82070420178      000                        1421130406                              150406000000000860006500016000000000000270663101170406              0000000000000000000000000000000000000000000000008600000000000000000000000000001170406                         0000000000000000000000000                                             000016
102021974950001161584870000003760                             82070516167      000                        1421130406                              150306000000000860010406483000000000000125647101170406              0000000000000000000000000000000000000000000000009004000000000040400000000000001170406                         0000000000000000000000000                                             000017
102021974950001161584870000003760                             82070519174      000                        1421130406                              000000000000000860039928996000000000000270663101170406              0000000000000000000000000000000000000000000000008600000000000000000000000000001170406                         0000000000000000000000000                                             000018
102021974950001161584870000003760                             82090335176      000                        1421130406                              100406000000000750010400540000000000000125647101170406              0000000000000000000000000000000000000000000000007673000000000017300000000000001170406                         0000000000000000000000000                                             000019
102021974950001161584870000003760                             82090909172      000                        1421130406                              100406000000000750010408770000000000000125647101170406              0000000000000000000000000000000000000000000000007650000000000015000000000000001170406                         0000000000000000000000000                                             000020
102021974950001161584870000003760                             82091038175      000                        1421130406                              100406000000000750010408770000000000000125647101170406              0000000000000000000000000000000000000000000000007671000000000017100000000000001170406                         0000000000000000000000000                                             000021
102021974950001161584870000003760                             82110406162      000                        1421130406                              200406000000000750006500016000000000000270663101170406              0000000000000000000000000000000000000000000000007500000000000000000000000000001170406                         0000000000000000000000000                                             000022
102021974950001161584870000003760                             82120130160      000                        1421130406                              100306000000000650010421245000000000000125647101170406              0000000000000000000000000000000000000000000000006834000000000033400000000000001170406                         0000000000000000000000000                                             000023
9201104                                                                                                                                                                                                                                                                                                                                                                                                   000024
