02RETORNO01COBRANCA       1584870000003760    IPAD                          104C ECON FEDERAL 120406                                                                                                                                                                                                                                                                                                 00182000001
102021974950001161584870000003760                             82000037758      000                        1421120406                              300306000000000860010430171000000000000125647101130406              0000000000000000000000000000000000000000000000008883000000000028300000000000001130406                         0000000000000000000000000                                             000002
102021974950001161584870000003760                             82010129167      000                        1421120406                              100406000000000750010414338000000000000125647101130406              0000000000000000000000000000000000000000000000007665000000000016500000000000001130406                         0000000000000000000000000                                             000003
102021974950001161584870000003760                             82030104160      000                        1421120406                              100406000000000750010424465000000000000125647101130406              0000000000000000000000000000000000000000000000007664000000000016400000000000001130406                         0000000000000000000000000                                             000004
102021974950001161584870000003760                             82030118160      000                        1421120406                              100406000000000750010424465000000000000240655100120406              0000000000000000000000000000000000000000000000007665000000000016500000000000001120406                         0000000000000000000000000                                             000005
102021974950001161584870000003760                             82030134166      000                        1421120406                              100406000000000750010424465000000000000240655100120406              0000000000000000000000000000000000000000000000007665000000000016500000000000001120406                         0000000000000000000000000                                             000006
102021974950001161584870000003760                             82030433112      000                        1421120406                              100406000000000760010407757000000000000125647101130406              0000000000000000000000000000000000000000000000007600000000000000000000000000001130406                         0000000000000000000000000                                             000007
102021974950001161584870000003760                             82040101171      000                        1421120406                              100406000000000430010400523000000000000125647101130406              0000000000000000000000000000000000000000000000004395000000000009500000000000001130406                         0000000000000000000000000                                             000008
102021974950001161584870000003760                             82040103174      000                        1421120406                              100406000000000430010400523000000000000125647101130406              0000000000000000000000000000000000000000000000004395000000000009500000000000001130406                         0000000000000000000000000                                             000009
102021974950001161584870000003760                             82040109172      000                        1421120406                              100406000000000430010400523000000000000125647101130406              0000000000000000000000000000000000000000000000004395000000000009500000000000001130406                         0000000000000000000000000                                             000010
102021974950001161584870000003760                             82040118171      000                        1421120406                              100406000000000430010400523000000000000125647101130406              0000000000000000000000000000000000000000000000004395000000000009500000000000001130406                         0000000000000000000000000                                             000011
102021974950001161584870000003760                             82040120176      000                        1421120406                              100406000000000430010400523000000000000125647101130406              0000000000000000000000000000000000000000000000004395000000000009500000000000001130406                         0000000000000000000000000                                             000012
102021974950001161584870000003760                             82040129173      000                        1421120406                              100406000000000430010400523000000000000125647101130406              0000000000000000000000000000000000000000000000004394000000000009400000000000001130406                         0000000000000000000000000                                             000013
102021974950001161584870000003760                             82040301170      000                        1421120406                              100406000000000360010400523000000000000125647101130406              0000000000000000000000000000000000000000000000003675000000000007500000000000001130406                         0000000000000000000000000                                             000014
102021974950001161584870000003760                             82040304161      000                        1421120406                              100306000000000360010400523000000000000125647101130406              0000000000000000000000000000000000000000000000003804000000000020400000000000001130406                         0000000000000000000000000                                             000015
102021974950001161584870000003760                             82040410174      000                        1421120406                              100406000000000860010400523000000000000125647101130406              0000000000000000000000000000000000000000000000008789000000000018900000000000001130406                         0000000000000000000000000                                             000016
102021974950001161584870000003760                             82040417152      000                        1421120406                              130406000000000860010400523000000000000125647101130406              0000000000000000000000000000000000000000000000008600000000000000000000000000001130406                         0000000000000000000000000                                             000017
102021974950001161584870000003760                             82040417160      000                        1421120406                              130406000000000860010400523000000000000125647101130406              0000000000000000000000000000000000000000000000008600000000000000000000000000001130406                         0000000000000000000000000                                             000018
102021974950001161584870000003760                             82040417179      000                        1421120406                              130406000000000860010400523000000000000125647101130406              0000000000000000000000000000000000000000000000008600000000000000000000000000001130406                         0000000000000000000000000                                             000019
102021974950001161584870000003760                             82040431171      000                        1421120406                              100406000000000860010400523000000000000125647101130406              0000000000000000000000000000000000000000000000008789000000000018900000000000001130406                         0000000000000000000000000                                             000020
102021974950001161584870000003760                             82040505167      000                        1421120406                              100306000000000860010400523000000000000125647101130406              0000000000000000000000000000000000000000000000008790000000000019000000000000001130406                         0000000000000000000000000                                             000021
102021974950001161584870000003760                             82040509120      000                        1421120406                              000000000000000860039928996000000000000270663101130406              0000000000000000000000000000000000000000000000008600000000000000000000000000001130406                         0000000000000000000000000                                             000022
102021974950001161584870000003760                             82040535171      000                        1421120406                              100406000000000860010400523000000000000125647101130406              0000000000000000000000000000000000000000000000008790000000000019000000000000001130406                         0000000000000000000000000                                             000023
102021974950001161584870000003760                             82040635133      000                        1421120406                              000000000000000860039928996000000000000270663101130406              0000000000000000000000000000000000000000000000008600000000000000000000000000001130406                         0000000000000000000000000                                             000024
102021974950001161584870000003760                             82050138175      000                        1421120406                              180406000000000400010412955000000000000125647101130406              0000000000000000000000000000000000000000000000004000000000000000000000000000001130406                         0000000000000000000000000                                             000025
102021974950001161584870000003760                             82050308178      000                        1421120406                              100406000000000860010410383000000000000125647101130406              0000000000000000000000000000000000000000000000008788000000000018800000000000001130406                         0000000000000000000000000                                             000026
102021974950001161584870000003760                             82050313171      000                        1421120406                              100406000000000860010427782000000000000125647101130406              0000000000000000000000000000000000000000000000008789000000000018900000000000001130406                         0000000000000000000000000                                             000027
102021974950001161584870000003760                             82060214150      000                        1421120406                              100306000000000860010421911000000000000125647101130406              0000000000000000000000000000000000000000000000009036000000000043600000000000001130406                         0000000000000000000000000                                             000028
102021974950001161584870000003760                             82060239152      000                        1421120406                              100306000000000860010421911000000000000125647101130406              0000000000000000000000000000000000000000000000009055000000000045500000000000001130406                         0000000000000000000000000                                             000029
102021974950001161584870000003760                             82060240169      000                        1421120406                              000000000000000860039928996000000000000270663101130406              0000000000000000000000000000000000000000000000008600000000000000000000000000001130406                         0000000000000000000000000                                             000030
102021974950001161584870000003760                             82060306160      000                        1421120406                              150406000000000860010408761000000000000125647101130406              0000000000000000000000000000000000000000000000008600000000000000000000000000001130406                         0000000000000000000000000                                             000031
102021974950001161584870000003760                             82060308162      000                        1421120406                              150406000000000860010408761000000000000125647101130406              0000000000000000000000000000000000000000000000008600000000000000000000000000001130406                         0000000000000000000000000                                             000032
102021974950001161584870000003760                             82060326160      000                        1421120406                              150406000000000860010408761000000000000125647101130406              0000000000000000000000000000000000000000000000008600000000000000000000000000001130406                         0000000000000000000000000                                             000033
102021974950001161584870000003760                             82060328163      000                        1421120406                              150406000000000860006500016000000000000270663101130406              0000000000000000000000000000000000000000000000008600000000000000000000000000001130406                         0000000000000000000000000                                             000034
102021974950001161584870000003760                             82070301179      000                        1421120406                              000000000000000860040975226000000000000270663101130406              0000000000000000000000000000000000000000000000008600000000000000000000000000001130406                         0000000000000000000000000                                             000035
102021974950001161584870000003760                             82090104174      000                        1421120406                              100406000000000750010400540000000000000125647101130406              0000000000000000000000000000000000000000000000007665000000000016500000000000001130406                         0000000000000000000000000                                             000036
102021974950001161584870000003760                             82090111170      000                        1421120406                              100406000000000750010400540000000000000125647101130406              0000000000000000000000000000000000000000000000007650000000000015000000000000001130406                         0000000000000000000000000                                             000037
102021974950001161584870000003760                             82090132178      000                        1421120406                              100406000000000750010400540000000000000125647101130406              0000000000000000000000000000000000000000000000007665000000000016500000000000001130406                         0000000000000000000000000                                             000038
102021974950001161584870000003760                             82090230170      000                        1421120406                              100406000000000750010400540000000000000125647101130406              0000000000000000000000000000000000000000000000007664000000000016400000000000001130406                         0000000000000000000000000                                             000039
102021974950001161584870000003760                             82090408157      000                        1421120406                              100206000000000750010400540000000000000125647101130406              0000000000000000000000000000000000000000000000008105000000000060500000000000001130406                         0000000000000000000000000                                             000040
102021974950001161584870000003760                             82090616175      000                        1421120406                              100406000000000375010408770000000000000125647101130406              0000000000000000000000000000000000000000000000003832000000000008200000000000001130406                         0000000000000000000000000                                             000041
102021974950001161584870000003760                             82090618151      000                        1421120406                              300406000000000375006500016000000000000270663101130406              0000000000000000000000000000000000000000000000003750000000000000000000000000001130406                         0000000000000000000000000                                             000042
102021974950001161584870000003760                             82090618160      000                        1421120406                              100506000000000375006500016000000000000270663101130406              0000000000000000000000000000000000000000000000003750000000000000000000000000001130406                         0000000000000000000000000                                             000043
102021974950001161584870000003760                             82090618178      000                        1421120406                              100406000000000375010408770000000000000125647101130406              0000000000000000000000000000000000000000000000003832000000000008200000000000001130406                         0000000000000000000000000                                             000044
102021974950001161584870000003760                             82090922179      000                        1421120406                              100406000000000375010408770000000000000125647101130406              0000000000000000000000000000000000000000000000003830000000000008000000000000001130406                         0000000000000000000000000                                             000045
102021974950001161584870000003760                             82091005170      000                        1421120406                              100406000000000375010408770000000000000125647101130406              0000000000000000000000000000000000000000000000003830000000000008000000000000001130406                         0000000000000000000000000                                             000046
102021974950001161584870000003760                             82091205179      000                        1421120406                              100406000000000750010400540000000000000125647101130406              0000000000000000000000000000000000000000000000007664000000000016400000000000001130406                         0000000000000000000000000                                             000047
102021974950001161584870000003760                             82110101167      000                        1421120406                              100406000000000750010407765000000000000125647101130406              0000000000000000000000000000000000000000000000007665000000000016500000000000001130406                         0000000000000000000000000                                             000048
102021974950001161584870000003760                             82110114161      000                        1421120406                              100406000000000750010407765000000000000125647101130406              0000000000000000000000000000000000000000000000007665000000000016500000000000001130406                         0000000000000000000000000                                             000049
102021974950001161584870000003760                             82110121168      000                        1421120406                              100406000000000750010407765000000000000125647101130406              0000000000000000000000000000000000000000000000007665000000000016500000000000001130406                         0000000000000000000000000                                             000050
102021974950001161584870000003760                             82110208174      000                        1421120406                              100506000000000450010407765000000000000125647101130406              0000000000000000000000000000000000000000000000004500000000000000000000000000001130406                         0000000000000000000000000                                             000051
102021974950001161584870000003760                             82110401160      000                        1421120406                              000000000000000750023716956000000000000270663101130406              0000000000000000000000000000000000000000000000007500000000000000000000000000001130406                         0000000000000000000000000                                             000052
9201104                                                                                                                                                                                                                                                                                                                                                                                                   000053
