02RETORNO01COBRANCA       1584870000003760    IPAD                          104C ECON FEDERAL 170706                                                                                                                                                                                                                                                                                                 00246000001
102021974950001161584870000003760                             82000046560      000                        1421170706                              000000000000000760006500016000000000000270663101180706              0000000000000000000000000000000000000000000000007600000000000000000000000000001180706                         0000000000000000000000000                                             000002
102021974950001161584870000003760                             82000046633      000                        1421170706                              000000000000000760010405592000000000000125647101180706              0000000000000000000000000000000000000000000000007600000000000000000000000000001180706                         0000000000000000000000000                                             000003
102021974950001161584870000003760                             82010302128      000                        1421170706                              160706000000000660006500016000000000000270663101180706              0000000000000000000000000000000000000000000000006600000000000000000000000000001180706                         0000000000000000000000000                                             000004
102021974950001161584870000003760                             82030213120      000                        1421170706                              100706000000000760010407374000000000000125647101180706              0000000000000000000000000000000000000000000000007750000000000015000000000000001180706                         0000000000000000000000000                                             000005
102021974950001161584870000003760                             82030214127      000                        1421170706                              100706000000000760010409156000000000000240655100170706              0000000000000000000000000000000000000000000000007805000000000020500000000000001170706                         0000000000000000000000000                                             000006
102021974950001161584870000003760                             82030507116      000                        1421170706                              150706000000000760010409148000000000000125620101180706              0000000000000000000000000000000000000000000000007600000000000000000000000000001180706                         0000000000000000000000000                                             000007
102021974950001161584870000003760                             82060505111      000                        1421170706                              150706000000000760010410308000000000000125647101180706              0000000000000000000000000000000000000000000000007600000000000000000000000000001180706                         0000000000000000000000000                                             000008
102021974950001161584870000003760                             82060508110      000                        1421170706                              150706000000000760010409172000000000000240655100170706              0000000000000000000000000000000000000000000000007600000000000000000000000000001170706                         0000000000000000000000000                                             000009
102021974950001161584870000003760                             82060512118      000                        1421170706                              150706000000000760010409172000000000000125647101180706              0000000000000000000000000000000000000000000000007600000000000000000000000000001180706                         0000000000000000000000000                                             000010
102021974950001161584870000003760                             82060519112      000                        1421170706                              000000000000000760039928996000000000000270663101180706              0000000000000000000000000000000000000000000000007600000000000000000000000000001180706                         0000000000000000000000000                                             000011
102021974950001161584870000003760                             82060602141      000                        1421170706                              150706000000000750006500016000000000000270663101180706              0000000000000000000000000000000000000000000000007500000000000000000000000000001180706                         0000000000000000000000000                                             000012
102021974950001161584870000003760                             82060607143      000                        1421170706                              150706000000000750074500016000000000000270663101180706              0000000000000000000000000000000000000000000000007500000000000000000000000000001180706                         0000000000000000000000000                                             000013
102021974950001161584870000003760                             82060631133      000                        1421170706                              150706000000000750006500016000000000000270663101180706              0000000000000000000000000000000000000000000000007500000000000000000000000000001180706                         0000000000000000000000000                                             000014
102021974950001161584870000003760                             82060713148      000                        1421170706                              000000000000000860039928996000000000000270663101180706              0000000000000000000000000000000000000000000000008600000000000000000000000000001180706                         0000000000000000000000000                                             000015
102021974950001161584870000003760                             82070601130      000                        1421170706                              210706000000000760006500016000000000000270663101180706              0000000000000000000000000000000000000000000000007600000000000000000000000000001180706                         0000000000000000000000000                                             000016
102021974950001161584870000003760                             82070612131      000                        1421170706                              210706000000000760006500016000000000000270663101180706              0000000000000000000000000000000000000000000000007600000000000000000000000000001180706                         0000000000000000000000000                                             000017
102021974950001161584870000003760                             82070620134      000                        1421170706                              210706000000000760010405592000000000000125647101180706              0000000000000000000000000000000000000000000000007600000000000000000000000000001180706                         0000000000000000000000000                                             000018
102021974950001161584870000003760                             82070702114      000                        1421170706                              200706000000000760010405592000000000000125647101180706              0000000000000000000000000000000000000000000000007600000000000000000000000000001180706                         0000000000000000000000000                                             000019
102021974950001161584870000003760                             82070703110      000                        1421170706                              200706000000000760006500016000000000000270663101180706              0000000000000000000000000000000000000000000000007600000000000000000000000000001180706                         0000000000000000000000000                                             000020
102021974950001161584870000003760                             82070704117      000                        1421170706                              200706000000000760010405592000000000000125647101180706              0000000000000000000000000000000000000000000000007600000000000000000000000000001180706                         0000000000000000000000000                                             000021
102021974950001161584870000003760                             82070716115      000                        1421170706                              200706000000000760006500016000000000000270663101180706              0000000000000000000000000000000000000000000000007600000000000000000000000000001180706                         0000000000000000000000000                                             000022
102021974950001161584870000003760                             82090422176      000                        1421170706                              300506000000000750010400540000000000000125647101180706              0000000000000000000000000000000000000000000000007995000000000049500000000000001180706                         0000000000000000000000000                                             000023
102021974950001161584870000003760                             82110635129      000                        1421170706                              200606000000000750010407765000000000000125647101180706              0000000000000000000000000000000000000000000000007866000000000036600000000000001180706                         0000000000000000000000000                                             000024
102021974950001161584870000003760                             82110715130      000                        1421170706                              200606000000000750010407765000000000000125647101180706              0000000000000000000000000000000000000000000000007866000000000036600000000000001180706                         0000000000000000000000000                                             000025
9201104                                                                                                                                                                                                                                                                                                                                                                                                   000026
