02RETORNO01COBRANCA       1584870000003760    IPAD                          104C ECON FEDERAL 170805                                                                                                                                                                                                                                                                                                 00026000001
102021974950001161584870000003760                             82999012031      000                        1421170805                              300805000000001000010415830000000000000240655100170805              0000000000000000000000000000000000000000000000010000000000000000000000000000001170805                         0000000000000000000000000                                             000002
102021974950001161584870000003760                             82999012210      000                        1421170805                              000000000000000860039928996000000000000270663101180805              0000000000000000000000000000000000000000000000008600000000000000000000000000001180805                         0000000000000000000000000                                             000003
102021974950001161584870000003760                             82999012287      000                        1421170805                              000000000000000860039928996000000000000270663101180805              0000000000000000000000000000000000000000000000008600000000000000000000000000001180805                         0000000000000000000000000                                             000004
9201104                                                                                                                                                                                                                                                                                                                                                                                                   000005
