02RETORNO01COBRANCA       1584870000003760    IPAD                          104C ECON FEDERAL 171006                                                                                                                                                                                                                                                                                                 00310000001
102021974950001161584870000003760                             82030513132      000                        1421171006                              150906000000000760010409156000000000000125647101181006              0000000000000000000000000000000000000000000000010108000000000250800000000000001181006                         0000000000000000000000000                                             000002
102021974950001161584870000003760                             82030513140      000                        1421171006                              151006000000000760010409156000000000000125647101181006              0000000000000000000000000000000000000000000000007828000000000022800000000000001181006                         0000000000000000000000000                                             000003
102021974950001161584870000003760                             82030807136      000                        1421171006                              151006000000000760010409156000000000000125647101181006              0000000000000000000000000000000000000000000000007767000000000016700000000000001181006                         0000000000000000000000000                                             000004
102021974950001161584870000003760                             82030922121      000                        1421171006                              100806000000000760010407757000000000000125647101181006              0000000000000000000000000000000000000000000000008269000000000066900000000000001181006                         0000000000000000000000000                                             000005
102021974950001161584870000003760                             82060405141      000                        1421171006                              101006000000000760010430171000000000000240655100171006              0000000000000000000000000000000000000000000000007805000000000020500000000000001171006                         0000000000000000000000000                                             000006
102021974950001161584870000003760                             82060504131      000                        1421171006                              100906000000000760010409172000000000000125647101181006              0000000000000000000000000000000000000000000000008040000000000044000000000000001181006                         0000000000000000000000000                                             000007
102021974950001161584870000003760                             82060515133      000                        1421171006                              101006000000000760010409172000000000000125647101181006              0000000000000000000000000000000000000000000000007805000000000020500000000000001181006                         0000000000000000000000000                                             000008
102021974950001161584870000003760                             82060521141      000                        1421171006                              101006000000000760010400485000000000000125647101181006              0000000000000000000000000000000000000000000000007805000000000020500000000000001181006                         0000000000000000000000000                                             000009
102021974950001161584870000003760                             82060529134      000                        1421171006                              100906000000000760010409172000000000000125647101181006              0000000000000000000000000000000000000000000000008011000000000041100000000000001181006                         0000000000000000000000000                                             000010
102021974950001161584870000003760                             82060607178      000                        1421171006                              151006000000000750010412424000000000000125647101181006              0000000000000000000000000000000000000000000000007666000000000016600000000000001181006                         0000000000000000000000000                                             000011
102021974950001161584870000003760                             82070702149      000                        1421171006                              201006000000000760007347476000000000000270663101181006              0000000000000000000000000000000000000000000000007600000000000000000000000000001181006                         0000000000000000000000000                                             000012
102021974950001161584870000003760                             82070712144      000                        1421171006                              201006000000000760006500016000000000000270663101181006              0000000000000000000000000000000000000000000000007600000000000000000000000000001181006                         0000000000000000000000000                                             000013
102021974950001161584870000003760                             82070715143      000                        1421171006                              201006000000000760010405592000000000000125647101181006              0000000000000000000000000000000000000000000000007600000000000000000000000000001181006                         0000000000000000000000000                                             000014
102021974950001161584870000003760                             82070716140      000                        1421171006                              201006000000000760006500016000000000000270663101181006              0000000000000000000000000000000000000000000000007600000000000000000000000000001181006                         0000000000000000000000000                                             000015
102021974950001161584870000003760                             82070728148      000                        1421171006                              201006000000000760006500016000000000000270663101181006              0000000000000000000000000000000000000000000000007600000000000000000000000000001181006                         0000000000000000000000000                                             000016
102021974950001161584870000003760                             82110609179      000                        1421171006                              201006000000000750006500016000000000000270663101181006              0000000000000000000000000000000000000000000000007500000000000000000000000000001181006                         0000000000000000000000000                                             000017
102021974950001161584870000003760                             82110618160      000                        1421171006                              200906000000000750010407765000000000000125647101181006              0000000000000000000000000000000000000000000000007812000000000031200000000000001181006                         0000000000000000000000000                                             000018
102021974950001161584870000003760                             82110621179      000                        1421171006                              201006000000000750006500016000000000000270663101181006              0000000000000000000000000000000000000000000000007500000000000000000000000000001181006                         0000000000000000000000000                                             000019
102021974950001161584870000003760                             82110629161      000                        1421171006                              200906000000000750010407765000000000000125647101181006              0000000000000000000000000000000000000000000000007812000000000031200000000000001181006                         0000000000000000000000000                                             000020
9201104                                                                                                                                                                                                                                                                                                                                                                                                   000021
