02RETORNO01COBRANCA       1584870000003760    IPAD                          104C ECON FEDERAL 171105                                                                                                                                                                                                                                                                                                 00081000001
102021974950001161584870000003760                             82040136129      000                        1421171105                              181105000000000430075641796000000000000270663101181105              0000000000000000000000000000000000000000000000004300000000000000000000000000001181105                         0000000000000000000000000                                             000002
102021974950001161584870000003760                             82050234140      000                        1421171105                              100106000000000400006500016000000000000270663101181105              0000000000000000000000000000000000000000000000004000000000000000000000000000001181105                         0000000000000000000000000                                             000003
102021974950001161584870000003760                             82050234158      000                        1421171105                              100206000000000400006500016000000000000270663101181105              0000000000000000000000000000000000000000000000004000000000000000000000000000001181105                         0000000000000000000000000                                             000004
102021974950001161584870000003760                             82070308122      000                        1421171105                              151105000000000860010400477000000000000125647101181105              0000000000000000000000000000000000000000000000008788000000000018800000000000001181105                         0000000000000000000000000                                             000005
102021974950001161584870000003760                             82070310127      000                        1421171105                              151105000000000860010400450000000000000125647101181105              0000000000000000000000000000000000000000000000008789000000000018900000000000001181105                         0000000000000000000000000                                             000006
102021974950001161584870000003760                             82070313126      000                        1421171105                              151105000000000860010400450000000000000125647101181105              0000000000000000000000000000000000000000000000008788000000000018800000000000001181105                         0000000000000000000000000                                             000007
102021974950001161584870000003760                             82070314122      000                        1421171105                              151105000000000860010400485000000000000125647101181105              0000000000000000000000000000000000000000000000008790000000000019000000000000001181105                         0000000000000000000000000                                             000008
102021974950001161584870000003760                             82070316125      000                        1421171105                              000000000000000860040975226000000000000270663101181105              0000000000000000000000000000000000000000000000008789000000000018900000000000001181105                         0000000000000000000000000                                             000009
102021974950001161584870000003760                             82070320122      000                        1421171105                              151105000000000720010423469000000000000240655100171105              0000000000000000000000000000000000000000000000007350000000000015000000000000001171105                         0000000000000000000000000                                             000010
102021974950001161584870000003760                             82070409123      000                        1421171105                              000000000000000860040975226000000000000270663101181105              0000000000000000000000000000000000000000000000008789000000000018900000000000001181105                         0000000000000000000000000                                             000011
102021974950001161584870000003760                             82070410121      000                        1421171105                              151105000000000860010415830000000000000125647101181105              0000000000000000000000000000000000000000000000008788000000000018800000000000001181105                         0000000000000000000000000                                             000012
102021974950001161584870000003760                             82070420127      000                        1421171105                              151105000000000860010430171000000000000125647101181105              0000000000000000000000000000000000000000000000008792000000000019200000000000001181105                         0000000000000000000000000                                             000013
102021974950001161584870000003760                             82070425129      000                        1421171105                              000000000000000860040975226000000000000270663101181105              0000000000000000000000000000000000000000000000008789000000000018900000000000001181105                         0000000000000000000000000                                             000014
102021974950001161584870000003760                             82070513125      000                        1421171105                              151105000000000860010410286000000000000125647101181105              0000000000000000000000000000000000000000000000008788000000000018800000000000001181105                         0000000000000000000000000                                             000015
102021974950001161584870000003760                             82070516124      000                        1421171105                              151105000000000860075641796000000000000270663101181105              0000000000000000000000000000000000000000000000008600000000000000000000000000001181105                         0000000000000000000000000                                             000016
102021974950001161584870000003760                             82090925127      000                        1421171105                              101105000000000750010408770000000000000125647101181105              0000000000000000000000000000000000000000000000007699000000000019900000000000001181105                         0000000000000000000000000                                             000017
102021974950001161584870000003760                             82091028129      000                        1421171105                              181105000000000375010408770000000000000125647101181105              0000000000000000000000000000000000000000000000003750000000000000000000000000001181105                         0000000000000000000000000                                             000018
102021974950001161584870000003760                             82091105123      000                        1421171105                              101105000000000750010408770000000000000125647101181105              0000000000000000000000000000000000000000000000007702000000000020200000000000001181105                         0000000000000000000000000                                             000019
102021974950001161584870000003760                             82091117121      000                        1421171105                              101105000000000640010408770000000000000125647101181105              0000000000000000000000000000000000000000000000006572000000000017200000000000001181105                         0000000000000000000000000                                             000020
102021974950001161584870000003760                             82999026768      000                        1421171105                              301105000000000860075641796000000000000270663101181105              0000000000000000000000000000000000000000000000008600000000000000000000000000001181105                         0000000000000000000000000                                             000021
102021974950001161584870000003760                             82999026784      000                        1421171105                              301105000000000860075641796000000000000270663101181105              0000000000000000000000000000000000000000000000008600000000000000000000000000001181105                         0000000000000000000000000                                             000022
102021974950001161584870000003760                             82999026792      000                        1421171105                              301105000000000860010408761000000000000125647101181105              0000000000000000000000000000000000000000000000008600000000000000000000000000001181105                         0000000000000000000000000                                             000023
102021974950001161584870000003760                             82999026849      000                        1421171105                              301105000000000860075641796000000000000270663101181105              0000000000000000000000000000000000000000000000008600000000000000000000000000001181105                         0000000000000000000000000                                             000024
102021974950001161584870000003760                             82999026903      000                        1421171105                              301105000000000860006500016000000000000270663101181105              0000000000000000000000000000000000000000000000008600000000000000000000000000001181105                         0000000000000000000000000                                             000025
102021974950001161584870000003760                             82999027098      000                        1421171105                              301105000000000860010408761000000000000125647101181105              0000000000000000000000000000000000000000000000008600000000000000000000000000001181105                         0000000000000000000000000                                             000026
102021974950001161584870000003760                             82999031893      000                        1421171105                              181105000000000450010407765000000000000125620101181105              0000000000000000000000000000000000000000000000004500000000000000000000000000001181105                         0000000000000000000000000                                             000027
102021974950001161584870000003760                             82999031940      000                        1421171105                              181105000000000450010407765000000000000125620101181105              0000000000000000000000000000000000000000000000004500000000000000000000000000001181105                         0000000000000000000000000                                             000028
102021974950001161584870000003760                             82999032059      000                        1421171105                              181105000000000450010407765000000000000125620101181105              0000000000000000000000000000000000000000000000004500000000000000000000000000001181105                         0000000000000000000000000                                             000029
102021974950001161584870000003760                             82999032075      000                        1421171105                              181105000000000450007347476000000000000270663101181105              0000000000000000000000000000000000000000000000004500000000000000000000000000001181105                         0000000000000000000000000                                             000030
102021974950001161584870000003760                             82999032105      000                        1421171105                              181105000000000450010407765000000000000125620101181105              0000000000000000000000000000000000000000000000004500000000000000000000000000001181105                         0000000000000000000000000                                             000031
102021974950001161584870000003760                             82999032121      000                        1421171105                              181105000000000450007347476000000000000270663101181105              0000000000000000000000000000000000000000000000004500000000000000000000000000001181105                         0000000000000000000000000                                             000032
9201104                                                                                                                                                                                                                                                                                                                                                                                                   000033
