02RETORNO01COBRANCA       1584870000003760    IPAD                          104C ECON FEDERAL 180706                                                                                                                                                                                                                                                                                                 00247000001
102021974950001161584870000003760                             82010308126      000                        1421180706                              160706000000000660010409148000000000000125647101190706              0000000000000000000000000000000000000000000000006745000000000014500000000000001190706                         0000000000000000000000000                                             000002
102021974950001161584870000003760                             82030306145      000                        1421180706                              300606000000000860010409156000000000000125647101190706              0000000000000000000000000000000000000000000000008916000000000031600000000000001190706                         0000000000000000000000000                                             000003
102021974950001161584870000003760                             82030513116      000                        1421180706                              150706000000000760010409156000000000000125647101190706              0000000000000000000000000000000000000000000000007776000000000017600000000000001190706                         0000000000000000000000000                                             000004
102021974950001161584870000003760                             82030904115      000                        1421180706                              100706000000000760010407757000000000000125647101190706              0000000000000000000000000000000000000000000000007816000000000021600000000000001190706                         0000000000000000000000000                                             000005
102021974950001161584870000003760                             82030918116      000                        1421180706                              100706000000000760010407757000000000000125647101190706              0000000000000000000000000000000000000000000000007816000000000021600000000000001190706                         0000000000000000000000000                                             000006
102021974950001161584870000003760                             82060402118      000                        1421180706                              100706000000000760010410308000000000000125647101190706              0000000000000000000000000000000000000000000000007813000000000021300000000000001190706                         0000000000000000000000000                                             000007
102021974950001161584870000003760                             82060524116      000                        1421180706                              150706000000000760010410286000000000000125647101190706              0000000000000000000000000000000000000000000000007600000000000000000000000000001190706                         0000000000000000000000000                                             000008
102021974950001161584870000003760                             82060610144      000                        1421180706                              150706000000000750010412424000000000000125647101190706              0000000000000000000000000000000000000000000000007672000000000017200000000000001190706                         0000000000000000000000000                                             000009
102021974950001161584870000003760                             82070502166      000                        1421180706                              150406000000000860010430171000000000000240655100180706              0000000000000000000000000000000000000000000000009580000000000098000000000000001180706                         0000000000000000000000000                                             000010
102021974950001161584870000003760                             82070712110      000                        1421180706                              200706000000000760006500016000000000000270663101190706              0000000000000000000000000000000000000000000000007600000000000000000000000000001190706                         0000000000000000000000000                                             000011
102021974950001161584870000003760                             82071219115      000                        1421180706                              100706000000000760010409237000000000000240655100180706              0000000000000000000000000000000000000000000000007816000000000021600000000000001180706                         0000000000000000000000000                                             000012
9201104                                                                                                                                                                                                                                                                                                                                                                                                   000013
