02RETORNO01COBRANCA       1584870000003760    IPAD                          104C ECON FEDERAL 180506                                                                                                                                                                                                                                                                                                 00205000001
102021974950001161584870000003760                             82000036816      000                        1421180506                              200306000000000860010405592000000000000125647101190506              0000000000000000000000000000000000000000000000009280000000000068000000000000001190506                         0000000000000000000000000                                             000002
102021974950001161584870000003760                             82000039661      000                        1421180506                              000000000000000760010405592000000000000125647101190506              0000000000000000000000000000000000000000000000007600000000000000000000000000001190506                         0000000000000000000000000                                             000003
102021974950001161584870000003760                             82060314170      000                        1421180506                              150506000000000860010408761000000000000125647101190506              0000000000000000000000000000000000000000000000008798000000000019800000000000001190506                         0000000000000000000000000                                             000004
102021974950001161584870000003760                             82070506170      000                        1421180506                              150406000000000860010410308000000000000240655100180506              0000000000000000000000000000000000000000000000009056000000000045600000000000001180506                         0000000000000000000000000                                             000005
102021974950001161584870000003760                             82070608118      000                        1421180506                              210506000000000760000107146000000000000270663101190506              0000000000000000000000000000000000000000000000007600000000000000000000000000001190506                         0000000000000000000000000                                             000006
102021974950001161584870000003760                             82070628119      000                        1421180506                              210506000000000760010405592000000000000125647101190506              0000000000000000000000000000000000000000000000007600000000000000000000000000001190506                         0000000000000000000000000                                             000007
102021974950001161584870000003760                             82110328170      000                        1421180506                              100506000000000860010407765000000000000125647204240506              0000000000000000000000000000000000000000000000008844000000000024400000000000001240506                         0000000000000000000000000                                             000008
102021974950001161584870000003760                             82130102177      000                        1421180506                              100306000000000860010409148000000000000125647101190506              0000000000000000000000000000000000000000000000009365000000000076500000000000001190506                         0000000000000000000000000                                             000009
9201104                                                                                                                                                                                                                                                                                                                                                                                                   000010
