02RETORNO01COBRANCA       1584870000003760    IPAD                          104C ECON FEDERAL 180406                                                                                                                                                                                                                                                                                                 00185000001
102021974950001161584870000003760                             82000042182      000                        1421180406                              000000000000000675010409148000000000000125647101190406              0000000000000000000000000000000000000000000000006750000000000000000000000000001190406                         0000000000000000000000000                                             000002
102021974950001161584870000003760                             82000042190      000                        1421180406                              000000000000000675006500016000000000000270663101190406              0000000000000000000000000000000000000000000000006750000000000000000000000000001190406                         0000000000000000000000000                                             000003
102021974950001161584870000003760                             82000042212      000                        1421180406                              000000000000000675010409148000000000000125647101190406              0000000000000000000000000000000000000000000000006750000000000000000000000000001190406                         0000000000000000000000000                                             000004
102021974950001161584870000003760                             82000042247      000                        1421180406                              000000000000000675006500016000000000000270663101190406              0000000000000000000000000000000000000000000000006750000000000000000000000000001190406                         0000000000000000000000000                                             000005
102021974950001161584870000003760                             82000042255      000                        1421180406                              000000000000000675010409148000000000000125647101190406              0000000000000000000000000000000000000000000000006750000000000000000000000000001190406                         0000000000000000000000000                                             000006
102021974950001161584870000003760                             82010101165      000                        1421180406                              100406000000000375010414338000000000000125647101190406              0000000000000000000000000000000000000000000000003855000000000010500000000000001190406                         0000000000000000000000000                                             000007
102021974950001161584870000003760                             82040328176      000                        1421180406                              100406000000000360010400523000000000000125647101190406              0000000000000000000000000000000000000000000000003736000000000013600000000000001190406                         0000000000000000000000000                                             000008
102021974950001161584870000003760                             82040413157      000                        1421180406                              100206000000000860010400523000000000000240655100180406              0000000000000000000000000000000000000000000000008844000000000024400000000000001180406                         0000000000000000000000000                                             000009
102021974950001161584870000003760                             82040413173      000                        1421180406                              100406000000000860010400523000000000000240655100180406              0000000000000000000000000000000000000000000000008844000000000024400000000000001180406                         0000000000000000000000000                                             000010
102021974950001161584870000003760                             82040503148      000                        1421180406                              000000000000000860039928996000000000000270663101190406              0000000000000000000000000000000000000000000000008600000000000000000000000000001190406                         0000000000000000000000000                                             000011
102021974950001161584870000003760                             82040503156      000                        1421180406                              000000000000000860039928996000000000000270663101190406              0000000000000000000000000000000000000000000000008600000000000000000000000000001190406                         0000000000000000000000000                                             000012
102021974950001161584870000003760                             82040503164      000                        1421180406                              000000000000000860039928996000000000000270663101190406              0000000000000000000000000000000000000000000000008600000000000000000000000000001190406                         0000000000000000000000000                                             000013
102021974950001161584870000003760                             82040503172      000                        1421180406                              000000000000000860039928996000000000000270663101190406              0000000000000000000000000000000000000000000000008600000000000000000000000000001190406                         0000000000000000000000000                                             000014
102021974950001161584870000003760                             82040518145      000                        1421180406                              150406000000000860010400523000000000000125647101190406              0000000000000000000000000000000000000000000000008797000000000019700000000000001190406                         0000000000000000000000000                                             000015
102021974950001161584870000003760                             82040634161      000                        1421180406                              000000000000000860039928996000000000000270663101190406              0000000000000000000000000000000000000000000000008600000000000000000000000000001190406                         0000000000000000000000000                                             000016
102021974950001161584870000003760                             82050232171      000                        1421180406                              100406000000000400010400531000000000000125647101190406              0000000000000000000000000000000000000000000000004112000000000011200000000000001190406                         0000000000000000000000000                                             000017
102021974950001161584870000003760                             82050238170      000                        1421180406                              180406000000000400006500016000000000000270663101190406              0000000000000000000000000000000000000000000000004000000000000000000000000000001190406                         0000000000000000000000000                                             000018
102021974950001161584870000003760                             82050329175      000                        1421180406                              100406000000000860010427782000000000000125647101190406              0000000000000000000000000000000000000000000000008841000000000024100000000000001190406                         0000000000000000000000000                                             000019
102021974950001161584870000003760                             82060315169      000                        1421180406                              150406000000000860010408761000000000000125647101190406              0000000000000000000000000000000000000000000000008798000000000019800000000000001190406                         0000000000000000000000000                                             000020
102021974950001161584870000003760                             82070406175      000                        1421180406                              150406000000000860010400450000000000000125647101190406              0000000000000000000000000000000000000000000000008798000000000019800000000000001190406                         0000000000000000000000000                                             000021
102021974950001161584870000003760                             82090428174      000                        1421180406                              100406000000000750010400540000000000000125647101190406              0000000000000000000000000000000000000000000000007706000000000020600000000000001190406                         0000000000000000000000000                                             000022
102021974950001161584870000003760                             82110405123      000                        1421180406                              201205000000000750010408125000000000000125647101190406              0000000000000000000000000000000000000000000000008483000000000098300000000000001190406                         0000000000000000000000000                                             000023
102021974950001161584870000003760                             82110405131      000                        1421180406                              200106000000000750010408125000000000000125647101190406              0000000000000000000000000000000000000000000000008266000000000076600000000000001190406                         0000000000000000000000000                                             000024
102021974950001161584870000003760                             82110405140      000                        1421180406                              200206000000000750010408125000000000000125647101190406              0000000000000000000000000000000000000000000000008049000000000054900000000000001190406                         0000000000000000000000000                                             000025
102021974950001161584870000003760                             82110405158      000                        1421180406                              200306000000000750010408125000000000000125647101190406              0000000000000000000000000000000000000000000000007853000000000035300000000000001190406                         0000000000000000000000000                                             000026
102021974950001161584870000003760                             82110415161      000                        1421180406                              200406000000000750000120676000000000000270663101190406              0000000000000000000000000000000000000000000000007500000000000000000000000000001190406                         0000000000000000000000000                                             000027
102021974950001161584870000003760                             82120122159      000                        1421180406                              100206000000000650010421245000000000000125647101190406              0000000000000000000000000000000000000000000000007032000000000053200000000000001190406                         0000000000000000000000000                                             000028
9201104                                                                                                                                                                                                                                                                                                                                                                                                   000029
