02RETORNO01COBRANCA       1584870000003760    IPAD                          104C ECON FEDERAL 180705                                                                                                                                                                                                                                                                                                 00006000001
102021974950001161584870000003760                             82999373697      000                        1421180705                              100805000000000860000105706000000000000270663101190705              0000000000000000000000000000000000000000000000008600000000000000000000000000001190705                         0000000000000000000000000                                             000002
102021974950001161584870000003760                             82999375649      000                        1421180705                              100805000000000860010400523000000000000240655100180705              0000000000000000000000000000000000000000000000008600000000000000000000000000001180705                         0000000000000000000000000                                             000003
102021974950001161584870000003760                             82999379040      000                        1421180705                              100805000000000860010430171000000000000125647101190705              0000000000000000000000000000000000000000000000008600000000000000000000000000001190705                         0000000000000000000000000                                             000004
102021974950001161584870000003760                             82999381681      000                        1421180705                              100805000000000860010409148000000000000125647101190705              0000000000000000000000000000000000000000000000008600000000000000000000000000001190705                         0000000000000000000000000                                             000005
102021974950001161584870000003760                             82999382700      000                        1421180705                              100805000000000860010409148000000000000125647101190705              0000000000000000000000000000000000000000000000008600000000000000000000000000001190705                         0000000000000000000000000                                             000006
102021974950001161584870000003760                             82999382947      000                        1421180705                              100805000000000860010409148000000000000125647101190705              0000000000000000000000000000000000000000000000008600000000000000000000000000001190705                         0000000000000000000000000                                             000007
9201104                                                                                                                                                                                                                                                                                                                                                                                                   000008
