02RETORNO01COBRANCA       1584870000003760    IPAD                          104C ECON FEDERAL 160307                                                                                                                                                                                                                                                                                                 00410000001
102021974950001161584870000003760                             82000051831      000                        1421160307                              000000000000000800006500016000000000000270663101190307              0000000000000000000000000000000000000000000000008000000000000000000000000000001190307                         0000000000000000000000000                                             000002
102021974950001161584870000003760                             82000051874      000                        1421160307                              000000000000000800039928996000000000000270663101190307              0000000000000000000000000000000000000000000000008000000000000000000000000000001190307                         0000000000000000000000000                                             000003
102021974950001161584870000003760                             82000051939      000                        1421160307                              000000000000000800010407757000000000000125647101190307              0000000000000000000000000000000000000000000000008000000000000000000000000000001190307                         0000000000000000000000000                                             000004
102021974950001161584870000003760                             82000051963      000                        1421160307                              000000000000000800010407757000000000000125647101190307              0000000000000000000000000000000000000000000000008000000000000000000000000000001190307                         0000000000000000000000000                                             000005
102021974950001161584870000003760                             82000052021      000                        1421160307                              000000000000000800010407757000000000000125647101190307              0000000000000000000000000000000000000000000000008000000000000000000000000000001190307                         0000000000000000000000000                                             000006
102021974950001161584870000003760                             82000052030      000                        1421160307                              000000000000000800010407757000000000000125647101190307              0000000000000000000000000000000000000000000000008000000000000000000000000000001190307                         0000000000000000000000000                                             000007
102021974950001161584870000003760                             82000052056      000                        1421160307                              000000000000000800010407757000000000000125647101190307              0000000000000000000000000000000000000000000000008000000000000000000000000000001190307                         0000000000000000000000000                                             000008
102021974950001161584870000003760                             82000052064      000                        1421160307                              000000000000000800023732156000000000000270663101190307              0000000000000000000000000000000000000000000000008000000000000000000000000000001190307                         0000000000000000000000000                                             000009
102021974950001161584870000003760                             82000052080      000                        1421160307                              000000000000000800010407757000000000000125647101190307              0000000000000000000000000000000000000000000000008000000000000000000000000000001190307                         0000000000000000000000000                                             000010
102021974950001161584870000003760                             82000052102      000                        1421160307                              000000000000000800010407757000000000000125647101190307              0000000000000000000000000000000000000000000000008000000000000000000000000000001190307                         0000000000000000000000000                                             000011
102021974950001161584870000003760                             82000052110      000                        1421160307                              000000000000000800010407757000000000000125647101190307              0000000000000000000000000000000000000000000000008000000000000000000000000000001190307                         0000000000000000000000000                                             000012
102021974950001161584870000003760                             82000052129      000                        1421160307                              000000000000000800010407757000000000000125647101190307              0000000000000000000000000000000000000000000000008000000000000000000000000000001190307                         0000000000000000000000000                                             000013
102021974950001161584870000003760                             82000052897      000                        1421160307                              000000000000000800010405592000000000000125647101190307              0000000000000000000000000000000000000000000000008000000000000000000000000000001190307                         0000000000000000000000000                                             000014
102021974950001161584870000003760                             82000053060      000                        1421160307                              000000000000000800035611566000000000000270663101190307              0000000000000000000000000000000000000000000000008000000000000000000000000000001190307                         0000000000000000000000000                                             000015
102021974950001161584870000003760                             82000053087      000                        1421160307                              000000000000000800075641796000000000000270663101190307              0000000000000000000000000000000000000000000000008000000000000000000000000000001190307                         0000000000000000000000000                                             000016
102021974950001161584870000003760                             82010304171      000                        1421160307                              100307000000000660010409148000000000000125647101190307              0000000000000000000000000000000000000000000000006740000000000014000000000000001190307                         0000000000000000000000000                                             000017
102021974950001161584870000003760                             82030213171      000                        1421160307                              101206000000000760010407374000000000000125647101190307              0000000000000000000000000000000000000000000000008250000000000065000000000000001190307                         0000000000000000000000000                                             000018
102021974950001161584870000003760                             82061019130      000                        1421160307                              150307000000000380010400540000000000000125647101190307              0000000000000000000000000000000000000000000000003879000000000007900000000000001190307                         0000000000000000000000000                                             000019
102021974950001161584870000003760                             82071419157      000                        1421160307                              100307000000000760010421245000000000000125647101190307              0000000000000000000000000000000000000000000000007797000000000019700000000000001190307                         0000000000000000000000000                                             000020
9201104                                                                                                                                                                                                                                                                                                                                                                                                   000021
