02RETORNO01COBRANCA       1584870000003760    IPAD                          104C ECON FEDERAL 181206                                                                                                                                                                                                                                                                                                 00352000001
102021974950001161584870000003760                             82000049519      000                        1421181206                              000000000000000760010409156000000000000125647101191206              0000000000000000000000000000000000000000000000007600000000000000000000000000001191206                         0000000000000000000000000                                             000002
102021974950001161584870000003760                             82000049535      000                        1421181206                              000000000000000760010409156000000000000125647101191206              0000000000000000000000000000000000000000000000007600000000000000000000000000001191206                         0000000000000000000000000                                             000003
102021974950001161584870000003760                             82030540164      000                        1421181206                              151206000000000760010409156000000000000125647101191206              0000000000000000000000000000000000000000000000007980000000000038000000000000001191206                         0000000000000000000000000                                             000004
102021974950001161584870000003760                             82030545166      000                        1421181206                              151206000000000760010409148000000000000125647101191206              0000000000000000000000000000000000000000000000007774000000000017400000000000001191206                         0000000000000000000000000                                             000005
102021974950001161584870000003760                             82030735143      000                        1421181206                              101106000000000760010409148000000000000125647101191206              0000000000000000000000000000000000000000000000008025000000000042500000000000001191206                         0000000000000000000000000                                             000006
102021974950001161584870000003760                             82030804153      000                        1421181206                              151206000000000760010409156000000000000125647101191206              0000000000000000000000000000000000000000000000007759000000000015900000000000001191206                         0000000000000000000000000                                             000007
102021974950001161584870000003760                             82060523160      000                        1421181206                              101206000000000760010430171000000000000125647101191206              0000000000000000000000000000000000000000000000007797000000000019700000000000001191206                         0000000000000000000000000                                             000008
102021974950001161584870000003760                             82060528162      000                        1421181206                              101206000000000760010409172000000000000125647101191206              0000000000000000000000000000000000000000000000007797000000000019700000000000001191206                         0000000000000000000000000                                             000009
102021974950001161584870000003760                             82060908160      000                        1421181206                              101206000000000760010410308000000000000125647101191206              0000000000000000000000000000000000000000000000007813000000000021300000000000001191206                         0000000000000000000000000                                             000010
102021974950001161584870000003760                             82061009118      000                        1421181206                              151206000000000760010400540000000000000125647101191206              0000000000000000000000000000000000000000000000007773000000000017300000000000001191206                         0000000000000000000000000                                             000011
102021974950001161584870000003760                             82061010116      000                        1421181206                              151206000000000760010400540000000000000125647101191206              0000000000000000000000000000000000000000000000007776000000000017600000000000001191206                         0000000000000000000000000                                             000012
102021974950001161584870000003760                             82061033116      000                        1421181206                              151206000000000760006500016000000000000270663101191206              0000000000000000000000000000000000000000000000007600000000000000000000000000001191206                         0000000000000000000000000                                             000013
102021974950001161584870000003760                             82061037111      000                        1421181206                              151206000000000760006500016000000000000270663101191206              0000000000000000000000000000000000000000000000007600000000000000000000000000001191206                         0000000000000000000000000                                             000014
102021974950001161584870000003760                             82061038118      000                        1421181206                              151206000000000760010400540000000000000125647101191206              0000000000000000000000000000000000000000000000007773000000000017300000000000001191206                         0000000000000000000000000                                             000015
102021974950001161584870000003760                             82070618172      000                        1421181206                              201206000000000760010410308000000000000125647101191206              0000000000000000000000000000000000000000000000007600000000000000000000000000001191206                         0000000000000000000000000                                             000016
102021974950001161584870000003760                             82070623176      000                        1421181206                              201206000000000760010405592000000000000125647101191206              0000000000000000000000000000000000000000000000007600000000000000000000000000001191206                         0000000000000000000000000                                             000017
102021974950001161584870000003760                             82070706160      000                        1421181206                              000000000000000760039928996000000000000270663101191206              0000000000000000000000000000000000000000000000007600000000000000000000000000001191206                         0000000000000000000000000                                             000018
102021974950001161584870000003760                             82070716166      000                        1421181206                              201206000000000760006500016000000000000270663101191206              0000000000000000000000000000000000000000000000007600000000000000000000000000001191206                         0000000000000000000000000                                             000019
102021974950001161584870000003760                             82070717162      000                        1421181206                              201206000000000760010405592000000000000125647101191206              0000000000000000000000000000000000000000000000007600000000000000000000000000001191206                         0000000000000000000000000                                             000020
102021974950001161584870000003760                             82070721135      000                        1421181206                              200906000000000760010405592000000000000125647101191206              0000000000000000000000000000000000000000000000008428000000000082800000000000001191206                         0000000000000000000000000                                             000021
102021974950001161584870000003760                             82071409127      000                        1421181206                              101206000000000760010421245000000000000125647101191206              0000000000000000000000000000000000000000000000007797000000000019700000000000001191206                         0000000000000000000000000                                             000022
102021974950001161584870000003760                             82110701164      000                        1421181206                              201206000000000750010407765000000000000125647101191206              0000000000000000000000000000000000000000000000007500000000000000000000000000001191206                         0000000000000000000000000                                             000023
102021974950001161584870000003760                             82110802173      000                        1421181206                              201006000000000750010407765000000000000125647101191206              0000000000000000000000000000000000000000000000008060000000000056000000000000001191206                         0000000000000000000000000                                             000024
9201104                                                                                                                                                                                                                                                                                                                                                                                                   000025
