02RETORNO01COBRANCA       1584870000003760    IPAD                          104C ECON FEDERAL 190606                                                                                                                                                                                                                                                                                                 00226000001
102021974950001161584870000003760                             82000043979      000                        1421190606                              000000000000000760039928996000000000000270663101200606              0000000000000000000000000000000000000000000000007600000000000000000000000000001200606                         0000000000000000000000000                                             000002
102021974950001161584870000003760                             82000044193      000                        1421190606                              000000000000000760039928996000000000000270663101200606              0000000000000000000000000000000000000000000000007600000000000000000000000000001200606                         0000000000000000000000000                                             000003
102021974950001161584870000003760                             82000044207      000                        1421190606                              000000000000000760039928996000000000000270663101200606              0000000000000000000000000000000000000000000000007600000000000000000000000000001200606                         0000000000000000000000000                                             000004
102021974950001161584870000003760                             82000045963      000                        1421190606                              000000000000000760010415830000000000000125647101200606              0000000000000000000000000000000000000000000000007600000000000000000000000000001200606                         0000000000000000000000000                                             000005
102021974950001161584870000003760                             82000045998      000                        1421190606                              000000000000000760010415830000000000000125647101200606              0000000000000000000000000000000000000000000000007600000000000000000000000000001200606                         0000000000000000000000000                                             000006
102021974950001161584870000003760                             82010318113      000                        1421190606                              100606000000000660010409148000000000000125647101200606              0000000000000000000000000000000000000000000000006741000000000014100000000000001200606                         0000000000000000000000000                                             000007
102021974950001161584870000003760                             82060711137      000                        1421190606                              150606000000000860010400485000000000000125647101200606              0000000000000000000000000000000000000000000000008804000000000020400000000000001200606                         0000000000000000000000000                                             000008
102021974950001161584870000003760                             82060723127      000                        1421190606                              150606000000000960010410308000000000000125647101200606              0000000000000000000000000000000000000000000000009830000000000023000000000000001200606                         0000000000000000000000000                                             000009
102021974950001161584870000003760                             82070614126      000                        1421190606                              000000000000000760039928996000000000000270663101200606              0000000000000000000000000000000000000000000000007600000000000000000000000000001200606                         0000000000000000000000000                                             000010
102021974950001161584870000003760                             82070633120      000                        1421190606                              210606000000000760006500016000000000000270663101200606              0000000000000000000000000000000000000000000000007600000000000000000000000000001200606                         0000000000000000000000000                                             000011
102021974950001161584870000003760                             82110609136      000                        1421190606                              200606000000000750010407765000000000000125647101200606              0000000000000000000000000000000000000000000000007500000000000000000000000000001200606                         0000000000000000000000000                                             000012
102021974950001161584870000003760                             82110613125      000                        1421190606                              250506000000000750010407765000000000000125647101200606              0000000000000000000000000000000000000000000000007835000000000033500000000000001200606                         0000000000000000000000000                                             000013
102021974950001161584870000003760                             82110618135      000                        1421190606                              200606000000000750006500016000000000000270663101200606              0000000000000000000000000000000000000000000000007500000000000000000000000000001200606                         0000000000000000000000000                                             000014
102021974950001161584870000003760                             82110634130      000                        1421190606                              200606000000000750010407765000000000000125647101200606              0000000000000000000000000000000000000000000000007500000000000000000000000000001200606                         0000000000000000000000000                                             000015
102021974950001161584870000003760                             82110716129      000                        1421190606                              250506000000000750010407765000000000000125647101200606              0000000000000000000000000000000000000000000000007850000000000035000000000000001200606                         0000000000000000000000000                                             000016
102021974950001161584870000003760                             82110733139      000                        1421190606                              200606000000000750006500016000000000000270663101200606              0000000000000000000000000000000000000000000000007500000000000000000000000000001200606                         0000000000000000000000000                                             000017
102021974950001161584870000003760                             82110818126      000                        1421190606                              250506000000000750010407765000000000000125647101200606              0000000000000000000000000000000000000000000000007850000000000035000000000000001200606                         0000000000000000000000000                                             000018
102021974950001161584870000003760                             82110819130      000                        1421190606                              200606000000000750010407765000000000000125647101200606              0000000000000000000000000000000000000000000000007500000000000000000000000000001200606                         0000000000000000000000000                                             000019
102021974950001161584870000003760                             82120117171      000                        1421190606                              100406000000000650010421245000000000000125647101200606              0000000000000000000000000000000000000000000000007038000000000053800000000000001200606                         0000000000000000000000000                                             000020
102021974950001161584870000003760                             82120135170      000                        1421190606                              100406000000000650010421245000000000000125647101200606              0000000000000000000000000000000000000000000000007038000000000053800000000000001200606                         0000000000000000000000000                                             000021
9201104                                                                                                                                                                                                                                                                                                                                                                                                   000022
