02RETORNO01COBRANCA       1584870000003760    IPAD                          104C ECON FEDERAL 191205                                                                                                                                                                                                                                                                                                 00103000001
102021974950001161584870000003760                             82010113120      000                        1421191205                              101205000000000750010414338000000000000240655100191205              0000000000000000000000000000000000000000000000007718000000000021800000000000001191205                         0000000000000000000000000                                             000002
102021974950001161584870000003760                             82030119124      000                        1421191205                              101205000000000750010424465000000000000125647101201205              0000000000000000000000000000000000000000000000007657000000000015700000000000001201205                         0000000000000000000000000                                             000003
102021974950001161584870000003760                             82050212138      000                        1421191205                              101205000000000400010400531000000000000125647101201205              0000000000000000000000000000000000000000000000004116000000000011600000000000001201205                         0000000000000000000000000                                             000004
102021974950001161584870000003760                             82050237130      000                        1421191205                              181205000000026950000116506000000000000270663101201205              0000000000000000000000000000000000000000000000269500000000000000000000000000001201205                         0000000000000000000000000                                             000005
102021974950001161584870000003760                             82050238137      000                        1421191205                              181205000000000400010400531000000000000125647101201205              0000000000000000000000000000000000000000000000004000000000000000000000000000001201205                         0000000000000000000000000                                             000006
102021974950001161584870000003760                             82060129144      000                        1421191205                              151205000000000860010423469000000000000125647101201205              0000000000000000000000000000000000000000000000008806000000000020600000000000001201205                         0000000000000000000000000                                             000007
102021974950001161584870000003760                             82060135144      000                        1421191205                              151205000000000860010415849000000000000240655100191205              0000000000000000000000000000000000000000000000008808000000000020800000000000001191205                         0000000000000000000000000                                             000008
102021974950001161584870000003760                             82060308120      000                        1421191205                              151205000000000860010408761000000000000125647101201205              0000000000000000000000000000000000000000000000008806000000000020600000000000001201205                         0000000000000000000000000                                             000009
102021974950001161584870000003760                             82060320120      000                        1421191205                              151205000000000860010408761000000000000125647101201205              0000000000000000000000000000000000000000000000008806000000000020600000000000001201205                         0000000000000000000000000                                             000010
102021974950001161584870000003760                             82070311131      000                        1421191205                              151205000000000860010410308000000000000240655100191205              0000000000000000000000000000000000000000000000008807000000000020700000000000001191205                         0000000000000000000000000                                             000011
102021974950001161584870000003760                             82070405136      000                        1421191205                              151205000000000860010400485000000000000125647101201205              0000000000000000000000000000000000000000000000008789000000000018900000000000001201205                         0000000000000000000000000                                             000012
102021974950001161584870000003760                             82070410130      000                        1421191205                              151205000000000860010415830000000000000125647101201205              0000000000000000000000000000000000000000000000008806000000000020600000000000001201205                         0000000000000000000000000                                             000013
102021974950001161584870000003760                             82070420135      000                        1421191205                              151205000000000860010430171000000000000125647101201205              0000000000000000000000000000000000000000000000008812000000000021200000000000001201205                         0000000000000000000000000                                             000014
102021974950001161584870000003760                             82070424130      000                        1421191205                              151205000000000860010415822000000000000125647101201205              0000000000000000000000000000000000000000000000008807000000000020700000000000001201205                         0000000000000000000000000                                             000015
102021974950001161584870000003760                             82070429132      000                        1421191205                              151205000000000860010400469000000000000125647101201205              0000000000000000000000000000000000000000000000008806000000000020600000000000001201205                         0000000000000000000000000                                             000016
102021974950001161584870000003760                             82070514130      000                        1421191205                              151205000000000860010400450000000000000125647101201205              0000000000000000000000000000000000000000000000008806000000000020600000000000001201205                         0000000000000000000000000                                             000017
102021974950001161584870000003760                             82090216134      000                        1421191205                              101205000000000750010412424000000000000125647101201205              0000000000000000000000000000000000000000000000007720000000000022000000000000001201205                         0000000000000000000000000                                             000018
102021974950001161584870000003760                             82090304130      000                        1421191205                              101205000000000750010407749000000000000240655100191205              0000000000000000000000000000000000000000000000007717000000000021700000000000001191205                         0000000000000000000000000                                             000019
102021974950001161584870000003760                             82090318131      000                        1421191205                              101205000000000750010407749000000000000125647101201205              0000000000000000000000000000000000000000000000007718000000000021800000000000001201205                         0000000000000000000000000                                             000020
102021974950001161584870000003760                             82090329133      000                        1421191205                              101205000000000750010407749000000000000125647101201205              0000000000000000000000000000000000000000000000007703000000000020300000000000001201205                         0000000000000000000000000                                             000021
102021974950001161584870000003760                             82090408130      000                        1421191205                              101205000000000750010400540000000000000125647101201205              0000000000000000000000000000000000000000000000007713000000000021300000000000001201205                         0000000000000000000000000                                             000022
102021974950001161584870000003760                             82090415137      000                        1421191205                              101205000000000750010400540000000000000125647101201205              0000000000000000000000000000000000000000000000007699000000000019900000000000001201205                         0000000000000000000000000                                             000023
102021974950001161584870000003760                             82090713138      000                        1421191205                              101205000000000750010408770000000000000125647101201205              0000000000000000000000000000000000000000000000007699000000000019900000000000001201205                         0000000000000000000000000                                             000024
102021974950001161584870000003760                             82090938130      000                        1421191205                              101205000000000375010412424000000000000125647101201205              0000000000000000000000000000000000000000000000003859000000000010900000000000001201205                         0000000000000000000000000                                             000025
102021974950001161584870000003760                             82091211136      000                        1421191205                              101205000000000750010400540000000000000125647101201205              0000000000000000000000000000000000000000000000007713000000000021300000000000001201205                         0000000000000000000000000                                             000026
102021974950001161584870000003760                             82110402124      000                        1421191205                              201205000000000750010408125000000000000125647101201205              0000000000000000000000000000000000000000000000007500000000000000000000000000001201205                         0000000000000000000000000                                             000027
102021974950001161584870000003760                             82110404127      000                        1421191205                              201205000000000750010408125000000000000125647101201205              0000000000000000000000000000000000000000000000007500000000000000000000000000001201205                         0000000000000000000000000                                             000028
102021974950001161584870000003760                             82110417121      000                        1421191205                              201205000000000750010408125000000000000125647101201205              0000000000000000000000000000000000000000000000007500000000000000000000000000001201205                         0000000000000000000000000                                             000029
102021974950001161584870000003760                             82110418128      000                        1421191205                              201205000000000750010408125000000000000125647101201205              0000000000000000000000000000000000000000000000007500000000000000000000000000001201205                         0000000000000000000000000                                             000030
102021974950001161584870000003760                             82110419124      000                        1421191205                              201205000000000750010408125000000000000125647101201205              0000000000000000000000000000000000000000000000007500000000000000000000000000001201205                         0000000000000000000000000                                             000031
102021974950001161584870000003760                             82120125131      000                        1421191205                              101205000000000650010421245000000000000125647101201205              0000000000000000000000000000000000000000000000006689000000000018900000000000001201205                         0000000000000000000000000                                             000032
102021974950001161584870000003760                             82999032318      000                        1421191205                              201205000000000860010408761000000000000240655100191205              0000000000000000000000000000000000000000000000008600000000000000000000000000001191205                         0000000000000000000000000                                             000033
9201104                                                                                                                                                                                                                                                                                                                                                                                                   000034
