02RETORNO01COBRANCA       1584870000003760    IPAD                          104C ECON FEDERAL 191006                                                                                                                                                                                                                                                                                                 00312000001
102021974950001161584870000003760                             82060413144      000                        1421191006                              101006000000000760010410308000000000000125647101201006              0000000000000000000000000000000000000000000000007820000000000022000000000000001201006                         0000000000000000000000000                                             000002
102021974950001161584870000003760                             82060417140      000                        1421191006                              101006000000000760010430171000000000000125647101201006              0000000000000000000000000000000000000000000000007815000000000021500000000000001201006                         0000000000000000000000000                                             000003
102021974950001161584870000003760                             82060418146      000                        1421191006                              101006000000000760010430171000000000000125647101201006              0000000000000000000000000000000000000000000000007820000000000022000000000000001201006                         0000000000000000000000000                                             000004
102021974950001161584870000003760                             82060721167      000                        1421191006                              151006000000000860010406483000000000000125647101201006              0000000000000000000000000000000000000000000000008804000000000020400000000000001201006                         0000000000000000000000000                                             000005
102021974950001161584870000003760                             82070706144      000                        1421191006                              201006000000000760007347476000000000000270663101201006              0000000000000000000000000000000000000000000000007600000000000000000000000000001201006                         0000000000000000000000000                                             000006
102021974950001161584870000003760                             82070723146      000                        1421191006                              201006000000000760007347476000000000000270663101201006              0000000000000000000000000000000000000000000000007600000000000000000000000000001201006                         0000000000000000000000000                                             000007
102021974950001161584870000003760                             82110634173      000                        1421191006                              201006000000000750010407765000000000000125647101201006              0000000000000000000000000000000000000000000000007500000000000000000000000000001201006                         0000000000000000000000000                                             000008
102021974950001161584870000003760                             82110722170      000                        1421191006                              201006000000000750010407765000000000000125647101201006              0000000000000000000000000000000000000000000000007500000000000000000000000000001201006                         0000000000000000000000000                                             000009
102021974950001161584870000003760                             82110824177      000                        1421191006                              201006000000000750010407765000000000000125647101201006              0000000000000000000000000000000000000000000000007500000000000000000000000000001201006                         0000000000000000000000000                                             000010
9201104                                                                                                                                                                                                                                                                                                                                                                                                   000011
