02RETORNO01COBRANCA       1584870000003760    IPAD                          104C ECON FEDERAL 170206                                                                                                                                                                                                                                                                                                 00146000001
102021974950001161584870000003760                             82000033612      000                        1421170206                              050306000000000750010412424000000000000125647101200206              0000000000000000000000000000000000000000000000007500000000000000000000000000001200206                         0000000000000000000000000                                             000002
102021974950001161584870000003760                             82010125145      000                        1421170206                              100206000000000750010414338000000000000240655100170206              0000000000000000000000000000000000000000000000007703000000000020300000000000001170206                         0000000000000000000000000                                             000003
102021974950001161584870000003760                             82010228122      000                        1421170206                              210206000000007920000117546000000000000270663101200206              0000000000000000000000000000000000000000000000079200000000000000000000000000001200206                         0000000000000000000000000                                             000004
102021974950001161584870000003760                             82030121145      000                        1421170206                              100206000000000750010424465000000000000125647101200206              0000000000000000000000000000000000000000000000007699000000000019900000000000001200206                         0000000000000000000000000                                             000005
102021974950001161584870000003760                             82040239157      000                        1421170206                              170206000000013760000105506000000000000270663101200206              0000000000000000000000000000000000000000000000137600000000000000000000000000001200206                         0000000000000000000000000                                             000006
102021974950001161584870000003760                             82040601158      000                        1421170206                              100206000000000860010407730000000000000125647101200206              0000000000000000000000000000000000000000000000008832000000000023200000000000001200206                         0000000000000000000000000                                             000007
102021974950001161584870000003760                             82040636156      000                        1421170206                              100206000000000860010407730000000000000125647101200206              0000000000000000000000000000000000000000000000008832000000000023200000000000001200206                         0000000000000000000000000                                             000008
102021974950001161584870000003760                             82050237149      000                        1421170206                              170206000000026950000116506000000000000270663101200206              0000000000000000000000000000000000000000000000269500000000000000000000000000001200206                         0000000000000000000000000                                             000009
102021974950001161584870000003760                             82070119150      000                        1421170206                              100206000000000860010409440000000000000125647101200206              0000000000000000000000000000000000000000000000008833000000000023300000000000001200206                         0000000000000000000000000                                             000010
102021974950001161584870000003760                             82070420151      000                        1421170206                              150206000000000860010430171000000000000125647101200206              0000000000000000000000000000000000000000000000008790000000000019000000000000001200206                         0000000000000000000000000                                             000011
102021974950001161584870000003760                             82090131147      000                        1421170206                              100106000000000750010400540000000000000125647101200206              0000000000000000000000000000000000000000000000007909000000000040900000000000001200206                         0000000000000000000000000                                             000012
102021974950001161584870000003760                             82091001158      000                        1421170206                              100206000000000750010408770000000000000125647101200206              0000000000000000000000000000000000000000000000007769000000000026900000000000001200206                         0000000000000000000000000                                             000013
102021974950001161584870000003760                             82091016155      000                        1421170206                              100206000000000375010408770000000000000125647101200206              0000000000000000000000000000000000000000000000003840000000000009000000000000001200206                         0000000000000000000000000                                             000014
102021974950001161584870000003760                             82110126143      000                        1421170206                              100206000000000750010407765000000000000125647101200206              0000000000000000000000000000000000000000000000007703000000000020300000000000001200206                         0000000000000000000000000                                             000015
102021974950001161584870000003760                             82110312133      000                        1421170206                              100106000000000860010407765000000000000125647101200206              0000000000000000000000000000000000000000000000009114000000000051400000000000001200206                         0000000000000000000000000                                             000016
102021974950001161584870000003760                             82110404143      000                        1421170206                              200206000000000750010408125000000000000125647101200206              0000000000000000000000000000000000000000000000007500000000000000000000000000001200206                         0000000000000000000000000                                             000017
102021974950001161584870000003760                             82110414149      000                        1421170206                              200206000000000750000120676000000000000270663101200206              0000000000000000000000000000000000000000000000007500000000000000000000000000001200206                         0000000000000000000000000                                             000018
102021974950001161584870000003760                             82110414157      000                        1421170206                              200306000000000750000120676000000000000270663101200206              0000000000000000000000000000000000000000000000007500000000000000000000000000001200206                         0000000000000000000000000                                             000019
102021974950001161584870000003760                             82110414165      000                        1421170206                              200406000000000750000120676000000000000270663101200206              0000000000000000000000000000000000000000000000007500000000000000000000000000001200206                         0000000000000000000000000                                             000020
102021974950001161584870000003760                             82110415145      000                        1421170206                              200206000000000750000120676000000000000270663101200206              0000000000000000000000000000000000000000000000007500000000000000000000000000001200206                         0000000000000000000000000                                             000021
102021974950001161584870000003760                             82120120156      000                        1421170206                              100206000000000650010421245000000000000125647101200206              0000000000000000000000000000000000000000000000006672000000000017200000000000001200206                         0000000000000000000000000                                             000022
9201104                                                                                                                                                                                                                                                                                                                                                                                                   000023
