02RETORNO01COBRANCA       1584870000003760    IPAD                          104C ECON FEDERAL 180806                                                                                                                                                                                                                                                                                                 00270000001
102021974950001161584870000003760                             82000046099      000                        1421180806                              000000000000000760010421245000000000000125647101210806              0000000000000000000000000000000000000000000000007600000000000000000000000000001210806                         0000000000000000000000000                                             000002
102021974950001161584870000003760                             82010139120      000                        1421180806                              070806000000000750010407765000000000000125647101210806              0000000000000000000000000000000000000000000000007738000000000023800000000000001210806                         0000000000000000000000000                                             000003
102021974950001161584870000003760                             82030226133      000                        1421180806                              100806000000000760010409156000000000000125647101210806              0000000000000000000000000000000000000000000000007813000000000021300000000000001210806                         0000000000000000000000000                                             000004
102021974950001161584870000003760                             82030807128      000                        1421180806                              100806000000000760010409156000000000000125647101210806              0000000000000000000000000000000000000000000000007813000000000021300000000000001210806                         0000000000000000000000000                                             000005
102021974950001161584870000003760                             82030912126      000                        1421180806                              100806000000000760010407757000000000000125647101210806              0000000000000000000000000000000000000000000000007816000000000021600000000000001210806                         0000000000000000000000000                                             000006
102021974950001161584870000003760                             82060914127      000                        1421180806                              100806000000000760010410308000000000000125647101210806              0000000000000000000000000000000000000000000000007813000000000021300000000000001210806                         0000000000000000000000000                                             000007
102021974950001161584870000003760                             82070601148      000                        1421180806                              210806000000000760006500016000000000000270663101210806              0000000000000000000000000000000000000000000000007600000000000000000000000000001210806                         0000000000000000000000000                                             000008
102021974950001161584870000003760                             82070623141      000                        1421180806                              210806000000000760010405592000000000000125647101210806              0000000000000000000000000000000000000000000000007600000000000000000000000000001210806                         0000000000000000000000000                                             000009
102021974950001161584870000003760                             82070629131      000                        1421180806                              210706000000000760010405592000000000000125647101210806              0000000000000000000000000000000000000000000000007600000000000000000000000000001210806                         0000000000000000000000000                                             000010
102021974950001161584870000003760                             82070705121      000                        1421180806                              200806000000000760010405592000000000000125647101210806              0000000000000000000000000000000000000000000000007600000000000000000000000000001210806                         0000000000000000000000000                                             000011
102021974950001161584870000003760                             82070706128      000                        1421180806                              200806000000000760006500016000000000000270663101210806              0000000000000000000000000000000000000000000000007600000000000000000000000000001210806                         0000000000000000000000000                                             000012
102021974950001161584870000003760                             82070709127      000                        1421180806                              200806000000000760006500016000000000000270663101210806              0000000000000000000000000000000000000000000000007600000000000000000000000000001210806                         0000000000000000000000000                                             000013
102021974950001161584870000003760                             82070715127      000                        1421180806                              200806000000000760010405592000000000000125647101210806              0000000000000000000000000000000000000000000000007600000000000000000000000000001210806                         0000000000000000000000000                                             000014
102021974950001161584870000003760                             82070723120      000                        1421180806                              200806000000000760007347476000000000000270663101210806              0000000000000000000000000000000000000000000000007600000000000000000000000000001210806                         0000000000000000000000000                                             000015
102021974950001161584870000003760                             82070727133      000                        1421180806                              200906000000000760010405592000000000000125647101210806              0000000000000000000000000000000000000000000000007600000000000000000000000000001210806                         0000000000000000000000000                                             000016
102021974950001161584870000003760                             82071228122      000                        1421180806                              100806000000000760010410308000000000000125647101210806              0000000000000000000000000000000000000000000000007813000000000021300000000000001210806                         0000000000000000000000000                                             000017
102021974950001161584870000003760                             82110602158      000                        1421180806                              200806000000000750010407765000000000000125647101210806              0000000000000000000000000000000000000000000000007500000000000000000000000000001210806                         0000000000000000000000000                                             000018
102021974950001161584870000003760                             82110615152      000                        1421180806                              200806000000000750010407765000000000000125647101210806              0000000000000000000000000000000000000000000000007500000000000000000000000000001210806                         0000000000000000000000000                                             000019
102021974950001161584870000003760                             82110618151      000                        1421180806                              200806000000000750006500016000000000000270663101210806              0000000000000000000000000000000000000000000000007500000000000000000000000000001210806                         0000000000000000000000000                                             000020
102021974950001161584870000003760                             82110619158      000                        1421180806                              200806000000000750006500016000000000000270663101210806              0000000000000000000000000000000000000000000000007500000000000000000000000000001210806                         0000000000000000000000000                                             000021
102021974950001161584870000003760                             82110625158      000                        1421180806                              200806000000000750010407765000000000000125647101210806              0000000000000000000000000000000000000000000000007500000000000000000000000000001210806                         0000000000000000000000000                                             000022
102021974950001161584870000003760                             82110629153      000                        1421180806                              200806000000000750006500016000000000000270663101210806              0000000000000000000000000000000000000000000000007500000000000000000000000000001210806                         0000000000000000000000000                                             000023
102021974950001161584870000003760                             82110634157      000                        1421180806                              200806000000000750000106056000000000000270663101210806              0000000000000000000000000000000000000000000000007500000000000000000000000000001210806                         0000000000000000000000000                                             000024
102021974950001161584870000003760                             82110802149      000                        1421180806                              250706000000000750010407765000000000000125647101210806              0000000000000000000000000000000000000000000000007842000000000034200000000000001210806                         0000000000000000000000000                                             000025
102021974950001161584870000003760                             82110802157      000                        1421180806                              200806000000000750010407765000000000000125647101210806              0000000000000000000000000000000000000000000000007500000000000000000000000000001210806                         0000000000000000000000000                                             000026
102021974950001161584870000003760                             82130218167      000                        1421180806                              300706000000000860010409148000000000000125647101210806              0000000000000000000000000000000000000000000000008935000000000033500000000000001210806                         0000000000000000000000000                                             000027
9201104                                                                                                                                                                                                                                                                                                                                                                                                   000028
