02RETORNO01COBRANCA       1584870000003760    IPAD                          104C ECON FEDERAL 170306                                                                                                                                                                                                                                                                                                 00164000001
102021974950001161584870000003760                             82000034716      000                        1421170306                              100306000000000750010407765000000000000125647101200306              0000000000000000000000000000000000000000000000007664000000000016400000000000001200306                         0000000000000000000000000                                             000002
102021974950001161584870000003760                             82000035232      000                        1421170306                              100306000000000750010407765000000000000125647101200306              0000000000000000000000000000000000000000000000007665000000000016500000000000001200306                         0000000000000000000000000                                             000003
102021974950001161584870000003760                             82000035933      000                        1421170306                              150306000000000860010409156000000000000125647101200306              0000000000000000000000000000000000000000000000008789000000000018900000000000001200306                         0000000000000000000000000                                             000004
102021974950001161584870000003760                             82000036166      000                        1421170306                              150306000000000860010407757000000000000125647101200306              0000000000000000000000000000000000000000000000008600000000000000000000000000001200306                         0000000000000000000000000                                             000005
102021974950001161584870000003760                             82000038290      000                        1421170306                              300306000000000860010415830000000000000240655100170306              0000000000000000000000000000000000000000000000008600000000000000000000000000001170306                         0000000000000000000000000                                             000006
102021974950001161584870000003760                             82000038304      000                        1421170306                              300306000000000860010410308000000000000125647101200306              0000000000000000000000000000000000000000000000008600000000000000000000000000001200306                         0000000000000000000000000                                             000007
102021974950001161584870000003760                             82010125153      000                        1421170306                              100306000000000750010414338000000000000240655100170306              0000000000000000000000000000000000000000000000007706000000000020600000000000001170306                         0000000000000000000000000                                             000008
102021974950001161584870000003760                             82010202158      000                        1421170306                              100306000000000420010414338000000000000125647101200306              0000000000000000000000000000000000000000000000004313000000000011300000000000001200306                         0000000000000000000000000                                             000009
102021974950001161584870000003760                             82030112154      000                        1421170306                              100306000000000750010424465000000000000240655100170306              0000000000000000000000000000000000000000000000007657000000000015700000000000001170306                         0000000000000000000000000                                             000010
102021974950001161584870000003760                             82040414161      000                        1421170306                              100306000000000860010400523000000000000240655100170306              0000000000000000000000000000000000000000000000008835000000000023500000000000001170306                         0000000000000000000000000                                             000011
102021974950001161584870000003760                             82040422164      000                        1421170306                              100306000000000860010400523000000000000125647101200306              0000000000000000000000000000000000000000000000008832000000000023200000000000001200306                         0000000000000000000000000                                             000012
102021974950001161584870000003760                             82040429169      000                        1421170306                              100306000000000860010400523000000000000125647101200306              0000000000000000000000000000000000000000000000008832000000000023200000000000001200306                         0000000000000000000000000                                             000013
102021974950001161584870000003760                             82040431163      000                        1421170306                              100306000000000860010400523000000000000125647101200306              0000000000000000000000000000000000000000000000008832000000000023200000000000001200306                         0000000000000000000000000                                             000014
102021974950001161584870000003760                             82040611161      000                        1421170306                              100306000000000860010400523000000000000240655100170306              0000000000000000000000000000000000000000000000008835000000000023500000000000001170306                         0000000000000000000000000                                             000015
102021974950001161584870000003760                             82040701144      000                        1421170306                              170306000000000860007347476000000000000270663101200306              0000000000000000000000000000000000000000000000008600000000000000000000000000001200306                         0000000000000000000000000                                             000016
102021974950001161584870000003760                             82050110165      000                        1421170306                              100306000000000400010400531000000000000125647101200306              0000000000000000000000000000000000000000000000004108000000000010800000000000001200306                         0000000000000000000000000                                             000017
102021974950001161584870000003760                             82050207177      000                        1421170306                              100406000000000400006500016000000000000270663101200306              0000000000000000000000000000000000000000000000004000000000000000000000000000001200306                         0000000000000000000000000                                             000018
102021974950001161584870000003760                             82050215161      000                        1421170306                              100306000000000400010412955000000000000125647101200306              0000000000000000000000000000000000000000000000004108000000000010800000000000001200306                         0000000000000000000000000                                             000019
102021974950001161584870000003760                             82060129179      000                        1421170306                              150306000000000860010423469000000000000125647101200306              0000000000000000000000000000000000000000000000008774000000000017400000000000001200306                         0000000000000000000000000                                             000020
102021974950001161584870000003760                             82070206168      000                        1421170306                              100306000000000860010430171000000000000125647101200306              0000000000000000000000000000000000000000000000008832000000000023200000000000001200306                         0000000000000000000000000                                             000021
102021974950001161584870000003760                             82070314165      000                        1421170306                              150306000000000860010400450000000000000125647101200306              0000000000000000000000000000000000000000000000008790000000000019000000000000001200306                         0000000000000000000000000                                             000022
102021974950001161584870000003760                             82070404164      000                        1421170306                              150306000000000860010409440000000000000125647101200306              0000000000000000000000000000000000000000000000008788000000000018800000000000001200306                         0000000000000000000000000                                             000023
102021974950001161584870000003760                             82070420160      000                        1421170306                              150306000000000860010430171000000000000125647101200306              0000000000000000000000000000000000000000000000008789000000000018900000000000001200306                         0000000000000000000000000                                             000024
102021974950001161584870000003760                             82070522167      000                        1421170306                              150306000000000860010400493000000000000125647101200306              0000000000000000000000000000000000000000000000008789000000000018900000000000001200306                         0000000000000000000000000                                             000025
102021974950001161584870000003760                             82090131163      000                        1421170306                              100306000000000750010400540000000000000125647101200306              0000000000000000000000000000000000000000000000007700000000000020000000000000001200306                         0000000000000000000000000                                             000026
102021974950001161584870000003760                             82090132160      000                        1421170306                              100306000000000750010400540000000000000125647101200306              0000000000000000000000000000000000000000000000007699000000000019900000000000001200306                         0000000000000000000000000                                             000027
102021974950001161584870000003760                             82090514160      000                        1421170306                              100306000000000375010408770000000000000125647101200306              0000000000000000000000000000000000000000000000003852000000000010200000000000001200306                         0000000000000000000000000                                             000028
102021974950001161584870000003760                             82091202170      000                        1421170306                              100406000000000750010400540000000000000125647101200306              0000000000000000000000000000000000000000000000007500000000000000000000000000001200306                         0000000000000000000000000                                             000029
102021974950001161584870000003760                             82110415153      000                        1421170306                              200306000000000750000120676000000000000270663101200306              0000000000000000000000000000000000000000000000007500000000000000000000000000001200306                         0000000000000000000000000                                             000030
9201104                                                                                                                                                                                                                                                                                                                                                                                                   000031
