02RETORNO01COBRANCA       1584870000003760    IPAD                          104C ECON FEDERAL 190106                                                                                                                                                                                                                                                                                                 00125000001
102021974950001161584870000003760                             82040129149      000                        1421190106                              100106000000000430010400523000000000000125647101200106              0000000000000000000000000000000000000000000000004395000000000009500000000000001200106                         0000000000000000000000000                                             000002
102021974950001161584870000003760                             82070414135      000                        1421190106                              151205000000000860010415814000000000000240655100190106              0000000000000000000000000000000000000000000000009065000000000046500000000000001190106                         0000000000000000000000000                                             000003
102021974950001161584870000003760                             82070516140      000                        1421190106                              150106000000000860010406483000000000000125647101200106              0000000000000000000000000000000000000000000000008808000000000020800000000000001200106                         0000000000000000000000000                                             000004
102021974950001161584870000003760                             82090205140      000                        1421190106                              100106000000000750010400540000000000000125647101200106              0000000000000000000000000000000000000000000000007717000000000021700000000000001200106                         0000000000000000000000000                                             000005
102021974950001161584870000003760                             82090211132      000                        1421190106                              101205000000000750010400540000000000000125647101200106              0000000000000000000000000000000000000000000000007930000000000043000000000000001200106                         0000000000000000000000000                                             000006
102021974950001161584870000003760                             82110107130      000                        1421190106                              100106000000000750010407765000000000000125647101200106              0000000000000000000000000000000000000000000000007718000000000021800000000000001200106                         0000000000000000000000000                                             000007
102021974950001161584870000003760                             82110108137      000                        1421190106                              100106000000000750010407765000000000000125647101200106              0000000000000000000000000000000000000000000000007718000000000021800000000000001200106                         0000000000000000000000000                                             000008
102021974950001161584870000003760                             82110337110      000                        1421190106                              101205000000000860010407765000000000000125647101200106              0000000000000000000000000000000000000000000000009116000000000051600000000000001200106                         0000000000000000000000000                                             000009
102021974950001161584870000003760                             82110337128      000                        1421190106                              100106000000000860010407765000000000000125647101200106              0000000000000000000000000000000000000000000000008847000000000024700000000000001200106                         0000000000000000000000000                                             000010
102021974950001161584870000003760                             82110404135      000                        1421190106                              200106000000000750010408125000000000000125647101200106              0000000000000000000000000000000000000000000000007500000000000000000000000000001200106                         0000000000000000000000000                                             000011
102021974950001161584870000003760                             82120103146      000                        1421190106                              100106000000000650075641796000000000000270663101200106              0000000000000000000000000000000000000000000000006500000000000000000000000000001200106                         0000000000000000000000000                                             000012
102021974950001161584870000003760                             82120122140      000                        1421190106                              100106000000000650010421245000000000000125647101200106              0000000000000000000000000000000000000000000000006693000000000019300000000000001200106                         0000000000000000000000000                                             000013
9201104                                                                                                                                                                                                                                                                                                                                                                                                   000014
