02RETORNO01COBRANCA       1584870000003760    IPAD                          104C ECON FEDERAL 190706                                                                                                                                                                                                                                                                                                 00248000001
102021974950001161584870000003760                             82030218122      000                        1421190706                              100706000000000760010409156000000000000125647101200706              0000000000000000000000000000000000000000000000007758000000000015800000000000001200706                         0000000000000000000000000                                             000002
102021974950001161584870000003760                             82030227121      000                        1421190706                              100706000000000760010409156000000000000125647101200706              0000000000000000000000000000000000000000000000007824000000000022400000000000001200706                         0000000000000000000000000                                             000003
102021974950001161584870000003760                             82030834117      000                        1421190706                              100706000000000760010409156000000000000125647101200706              0000000000000000000000000000000000000000000000007820000000000022000000000000001200706                         0000000000000000000000000                                             000004
102021974950001161584870000003760                             82060405117      000                        1421190706                              100706000000000760010430171000000000000240655100190706              0000000000000000000000000000000000000000000000007820000000000022000000000000001190706                         0000000000000000000000000                                             000005
102021974950001161584870000003760                             82060515117      000                        1421190706                              150706000000000760010409172000000000000125647101200706              0000000000000000000000000000000000000000000000007782000000000018200000000000001200706                         0000000000000000000000000                                             000006
102021974950001161584870000003760                             82060605140      000                        1421190706                              150706000000000750010412424000000000000125647101200706              0000000000000000000000000000000000000000000000007682000000000018200000000000001200706                         0000000000000000000000000                                             000007
102021974950001161584870000003760                             82060620140      000                        1421190706                              150706000000000750010412424000000000000125647101200706              0000000000000000000000000000000000000000000000007678000000000017800000000000001200706                         0000000000000000000000000                                             000008
102021974950001161584870000003760                             82070623133      000                        1421190706                              210706000000000760006500016000000000000270663101200706              0000000000000000000000000000000000000000000000007600000000000000000000000000001200706                         0000000000000000000000000                                             000009
102021974950001161584870000003760                             82070707116      000                        1421190706                              200706000000000760006500016000000000000270663101200706              0000000000000000000000000000000000000000000000007600000000000000000000000000001200706                         0000000000000000000000000                                             000010
102021974950001161584870000003760                             82070709119      000                        1421190706                              200706000000000760006500016000000000000270663101200706              0000000000000000000000000000000000000000000000007600000000000000000000000000001200706                         0000000000000000000000000                                             000011
102021974950001161584870000003760                             82110119139      000                        1421190706                              180706000000000750010407765000000000000125647101200706              0000000000000000000000000000000000000000000000007725000000000022500000000000001200706                         0000000000000000000000000                                             000012
102021974950001161584870000003760                             82110119155      000                        1421190706                              180706000000000750010407765000000000000125647101200706              0000000000000000000000000000000000000000000000007725000000000022500000000000001200706                         0000000000000000000000000                                             000013
9201104                                                                                                                                                                                                                                                                                                                                                                                                   000014
