02RETORNO01COBRANCA       1584870000003760    IPAD                          104C ECON FEDERAL 201006                                                                                                                                                                                                                                                                                                 00313000001
102021974950001161584870000003760                             82030904131      000                        1421201006                              100906000000000760010407757000000000000125647101231006              0000000000000000000000000000000000000000000000008048000000000044800000000000001231006                         0000000000000000000000000                                             000002
102021974950001161584870000003760                             82060602176      000                        1421201006                              151006000000000750010412424000000000000125647101231006              0000000000000000000000000000000000000000000000007690000000000019000000000000001231006                         0000000000000000000000000                                             000003
102021974950001161584870000003760                             82070701142      000                        1421201006                              201006000000000760006500016000000000000270663101231006              0000000000000000000000000000000000000000000000007600000000000000000000000000001231006                         0000000000000000000000000                                             000004
102021974950001161584870000003760                             82070703145      000                        1421201006                              201006000000000760006500016000000000000270663101231006              0000000000000000000000000000000000000000000000007600000000000000000000000000001231006                         0000000000000000000000000                                             000005
102021974950001161584870000003760                             82070705148      000                        1421201006                              201006000000000760010405592000000000000125647101231006              0000000000000000000000000000000000000000000000007600000000000000000000000000001231006                         0000000000000000000000000                                             000006
102021974950001161584870000003760                             82070719130      000                        1421201006                              200906000000000760010400477000000000000125647101231006              0000000000000000000000000000000000000000000000007980000000000038000000000000001231006                         0000000000000000000000000                                             000007
102021974950001161584870000003760                             82070719149      000                        1421201006                              201006000000000760035610366000000000000270663101231006              0000000000000000000000000000000000000000000000007600000000000000000000000000001231006                         0000000000000000000000000                                             000008
102021974950001161584870000003760                             82090517150      000                        1421201006                              300806000000000375010408770000000000000240655100201006              0000000000000000000000000000000000000000000000003861000000000011100000000000001201006                         0000000000000000000000000                                             000009
102021974950001161584870000003760                             82090517169      000                        1421201006                              300806000000000375010408770000000000000240655100201006              0000000000000000000000000000000000000000000000003861000000000011100000000000001201006                         0000000000000000000000000                                             000010
102021974950001161584870000003760                             82090517177      000                        1421201006                              300806000000000375010408770000000000000240655100201006              0000000000000000000000000000000000000000000000003861000000000011100000000000001201006                         0000000000000000000000000                                             000011
102021974950001161584870000003760                             82110710163      000                        1421201006                              200906000000000750010407765000000000000125647101231006              0000000000000000000000000000000000000000000000007875000000000037500000000000001231006                         0000000000000000000000000                                             000012
102021974950001161584870000003760                             82110711178      000                        1421201006                              201006000000000750006500016000000000000270663101231006              0000000000000000000000000000000000000000000000007500000000000000000000000000001231006                         0000000000000000000000000                                             000013
102021974950001161584870000003760                             82110719179      000                        1421201006                              201006000000000750035610376000000000000270663101231006              0000000000000000000000000000000000000000000000007500000000000000000000000000001231006                         0000000000000000000000000                                             000014
102021974950001161584870000003760                             82110726175      000                        1421201006                              201006000000000750010407765000000000000125647101231006              0000000000000000000000000000000000000000000000007500000000000000000000000000001231006                         0000000000000000000000000                                             000015
102021974950001161584870000003760                             82110728178      000                        1421201006                              201006000000000750006500016000000000000270663101231006              0000000000000000000000000000000000000000000000007500000000000000000000000000001231006                         0000000000000000000000000                                             000016
102021974950001161584870000003760                             82130406117      000                        1421201006                              101006000000000760010409148000000000000125647101231006              0000000000000000000000000000000000000000000000007828000000000022800000000000001231006                         0000000000000000000000000                                             000017
102021974950001161584870000003760                             82130410114      000                        1421201006                              101006000000000760010409148000000000000125647101231006              0000000000000000000000000000000000000000000000007828000000000022800000000000001231006                         0000000000000000000000000                                             000018
9201104                                                                                                                                                                                                                                                                                                                                                                                                   000019
