02RETORNO01COBRANCA       1584870000003760    IPAD                          104C ECON FEDERAL 200206                                                                                                                                                                                                                                                                                                 00147000001
102021974950001161584870000003760                             82000032870      000                        1421200206                              050306000000000860010430171000000000000240655100200206              0000000000000000000000000000000000000000000000008600000000000000000000000000001200206                         0000000000000000000000000                                             000002
102021974950001161584870000003760                             82000033590      000                        1421200206                              050306000000000750010412424000000000000125647101210206              0000000000000000000000000000000000000000000000007500000000000000000000000000001210206                         0000000000000000000000000                                             000003
102021974950001161584870000003760                             82010105144      000                        1421200206                              100206000000000750010414338000000000000125647101210206              0000000000000000000000000000000000000000000000007725000000000022500000000000001210206                         0000000000000000000000000                                             000004
102021974950001161584870000003760                             82040422156      000                        1421200206                              100206000000000860010400523000000000000240655100200206              0000000000000000000000000000000000000000000000008782000000000018200000000000001200206                         0000000000000000000000000                                             000005
102021974950001161584870000003760                             82040429150      000                        1421200206                              100206000000000860010400523000000000000240655100200206              0000000000000000000000000000000000000000000000008782000000000018200000000000001200206                         0000000000000000000000000                                             000006
102021974950001161584870000003760                             82050238153      000                        1421200206                              180206000000000400006500016000000000000270663101210206              0000000000000000000000000000000000000000000000004000000000000000000000000000001210206                         0000000000000000000000000                                             000007
102021974950001161584870000003760                             82060314146      000                        1421200206                              150206000000000860010408761000000000000125647101210206              0000000000000000000000000000000000000000000000008815000000000021500000000000001210206                         0000000000000000000000000                                             000008
102021974950001161584870000003760                             82090114145      000                        1421200206                              100106000000000750010400540000000000000125647101210206              0000000000000000000000000000000000000000000000007916000000000041600000000000001210206                         0000000000000000000000000                                             000009
102021974950001161584870000003760                             82090119155      000                        1421200206                              100206000000000750010400540000000000000125647101210206              0000000000000000000000000000000000000000000000007720000000000022000000000000001210206                         0000000000000000000000000                                             000010
102021974950001161584870000003760                             82090126143      000                        1421200206                              100106000000000750010400540000000000000125647101210206              0000000000000000000000000000000000000000000000007957000000000045700000000000001210206                         0000000000000000000000000                                             000011
102021974950001161584870000003760                             82090230153      000                        1421200206                              100206000000000750010400540000000000000125647101210206              0000000000000000000000000000000000000000000000007720000000000022000000000000001210206                         0000000000000000000000000                                             000012
102021974950001161584870000003760                             82090301158      000                        1421200206                              100206000000000750010400540000000000000125647101210206              0000000000000000000000000000000000000000000000007720000000000022000000000000001210206                         0000000000000000000000000                                             000013
102021974950001161584870000003760                             82090409145      000                        1421200206                              100106000000000750010400540000000000000125647101210206              0000000000000000000000000000000000000000000000007937000000000043700000000000001210206                         0000000000000000000000000                                             000014
102021974950001161584870000003760                             82090919151      000                        1421200206                              100206000000000750010408770000000000000125647101210206              0000000000000000000000000000000000000000000000007720000000000022000000000000001210206                         0000000000000000000000000                                             000015
102021974950001161584870000003760                             82091002154      000                        1421200206                              100206000000000375010408770000000000000125647101210206              0000000000000000000000000000000000000000000000003841000000000009100000000000001210206                         0000000000000000000000000                                             000016
102021974950001161584870000003760                             82091034153      000                        1421200206                              100206000000000375010408770000000000000125647101210206              0000000000000000000000000000000000000000000000003840000000000009000000000000001210206                         0000000000000000000000000                                             000017
102021974950001161584870000003760                             82091105158      000                        1421200206                              100206000000000750010408770000000000000125647101210206              0000000000000000000000000000000000000000000000007725000000000022500000000000001210206                         0000000000000000000000000                                             000018
102021974950001161584870000003760                             82091218157      000                        1421200206                              100206000000000750010400540000000000000125647101210206              0000000000000000000000000000000000000000000000007720000000000022000000000000001210206                         0000000000000000000000000                                             000019
102021974950001161584870000003760                             82110417148      000                        1421200206                              200206000000000750006500016000000000000270663101210206              0000000000000000000000000000000000000000000000007500000000000000000000000000001210206                         0000000000000000000000000                                             000020
102021974950001161584870000003760                             82110419140      000                        1421200206                              200206000000000750010408125000000000000125647101210206              0000000000000000000000000000000000000000000000007500000000000000000000000000001210206                         0000000000000000000000000                                             000021
9201104                                                                                                                                                                                                                                                                                                                                                                                                   000022
