02RETORNO01COBRANCA       1584870000003760    IPAD                          104C ECON FEDERAL 200307                                                                                                                                                                                                                                                                                                 00412000001
102021974950001161584870000003760                             82000051483      000                        1421200307                              000000000000000800010400531000000000000125647101210307              0000000000000000000000000000000000000000000000008000000000000000000000000000001210307                         0000000000000000000000000                                             000002
102021974950001161584870000003760                             82000051491      000                        1421200307                              000000000000000800010400531000000000000125647101210307              0000000000000000000000000000000000000000000000008000000000000000000000000000001210307                         0000000000000000000000000                                             000003
102021974950001161584870000003760                             82000051505      000                        1421200307                              000000000000000800010400531000000000000125647101210307              0000000000000000000000000000000000000000000000008000000000000000000000000000001210307                         0000000000000000000000000                                             000004
102021974950001161584870000003760                             82000051513      000                        1421200307                              000000000000000800010400531000000000000125647101210307              0000000000000000000000000000000000000000000000008000000000000000000000000000001210307                         0000000000000000000000000                                             000005
102021974950001161584870000003760                             82000053168      000                        1421200307                              000000000000000800010405592000000000000125647101210307              0000000000000000000000000000000000000000000000008000000000000000000000000000001210307                         0000000000000000000000000                                             000006
102021974950001161584870000003760                             82000053770      000                        1421200307                              000000000000000800010430147000000000000125647101210307              0000000000000000000000000000000000000000000000008000000000000000000000000000001210307                         0000000000000000000000000                                             000007
102021974950001161584870000003760                             82030713158      000                        1421200307                              101206000000000760010409148000000000000125647101210307              0000000000000000000000000000000000000000000000008512000000000091200000000000001210307                         0000000000000000000000000                                             000008
102021974950001161584870000003760                             82031130156      000                        1421200307                              100307000000000760010424465000000000000125647101210307              0000000000000000000000000000000000000000000000007822000000000022200000000000001210307                         0000000000000000000000000                                             000009
102021974950001161584870000003760                             82071412128      000                        1421200307                              310107000000000760010421245000000000000125647101210307              0000000000000000000000000000000000000000000000008117000000000051700000000000001210307                         0000000000000000000000000                                             000010
102021974950001161584870000003760                             82071412136      000                        1421200307                              100107000000000760010421245000000000000125647101210307              0000000000000000000000000000000000000000000000008277000000000067700000000000001210307                         0000000000000000000000000                                             000011
102021974950001161584870000003760                             82071437171      000                        1421200307                              140507000000000760010421245000000000000125647101210307              0000000000000000000000000000000000000000000000007600000000000000000000000000001210307                         0000000000000000000000000                                             000012
102021974950001161584870000003760                             82110608172      000                        1421200307                              200307000000000750010407765000000000000125647101210307              0000000000000000000000000000000000000000000000007500000000000000000000000000001210307                         0000000000000000000000000                                             000013
102021974950001161584870000003760                             82110632170      000                        1421200307                              200207000000000750010407765000000000000125647101210307              0000000000000000000000000000000000000000000000007860000000000036000000000000001210307                         0000000000000000000000000                                             000014
102021974950001161584870000003760                             82110823138      000                        1421200307                              220207000000000750010407765000000000000125647101210307              0000000000000000000000000000000000000000000000007657000000000015700000000000001210307                         0000000000000000000000000                                             000015
102021974950001161584870000003760                             82110823146      000                        1421200307                              220207000000000750010407765000000000000125647101210307              0000000000000000000000000000000000000000000000007657000000000015700000000000001210307                         0000000000000000000000000                                             000016
102021974950001161584870000003760                             82110823154      000                        1421200307                              220207000000000750010407765000000000000125647101210307              0000000000000000000000000000000000000000000000007657000000000015700000000000001210307                         0000000000000000000000000                                             000017
102021974950001161584870000003760                             82110823162      000                        1421200307                              220307000000000750010407765000000000000125647101210307              0000000000000000000000000000000000000000000000007500000000000000000000000000001210307                         0000000000000000000000000                                             000018
102021974950001161584870000003760                             82110823170      000                        1421200307                              220307000000000750010407765000000000000125647101210307              0000000000000000000000000000000000000000000000007500000000000000000000000000001210307                         0000000000000000000000000                                             000019
9201104                                                                                                                                                                                                                                                                                                                                                                                                   000020
