02RETORNO01COBRANCA       1584870000003760    IPAD                          104C ECON FEDERAL 190506                                                                                                                                                                                                                                                                                                 00206000001
102021974950001161584870000003760                             82000039513      000                        1421190506                              000000000000000760010405592000000000000125647101220506              0000000000000000000000000000000000000000000000007600000000000000000000000000001220506                         0000000000000000000000000                                             000002
102021974950001161584870000003760                             82000039521      000                        1421190506                              000000000000000760010405592000000000000125647101220506              0000000000000000000000000000000000000000000000007600000000000000000000000000001220506                         0000000000000000000000000                                             000003
102021974950001161584870000003760                             82000039653      000                        1421190506                              000000000000000760006500016000000000000270663101220506              0000000000000000000000000000000000000000000000007600000000000000000000000000001220506                         0000000000000000000000000                                             000004
102021974950001161584870000003760                             82000039742      000                        1421190506                              000000000000000760010405592000000000000125647101220506              0000000000000000000000000000000000000000000000007600000000000000000000000000001220506                         0000000000000000000000000                                             000005
102021974950001161584870000003760                             82000039904      000                        1421190506                              000000000000000760010415806000000000000125647101220506              0000000000000000000000000000000000000000000000007600000000000000000000000000001220506                         0000000000000000000000000                                             000006
102021974950001161584870000003760                             82000043855      000                        1421190506                              000000000000000760010409148000000000000125647101220506              0000000000000000000000000000000000000000000000007600000000000000000000000000001220506                         0000000000000000000000000                                             000007
102021974950001161584870000003760                             82030207112      000                        1421190506                              220506000000000760010409156000000000000125647101220506              0000000000000000000000000000000000000000000000007600000000000000000000000000001220506                         0000000000000000000000000                                             000008
102021974950001161584870000003760                             82030212116      000                        1421190506                              220506000000000760000124226000000000000270663101220506              0000000000000000000000000000000000000000000000007600000000000000000000000000001220506                         0000000000000000000000000                                             000009
102021974950001161584870000003760                             82030232117      000                        1421190506                              220506000000000760010400418000000000000125620101220506              0000000000000000000000000000000000000000000000007600000000000000000000000000001220506                         0000000000000000000000000                                             000010
102021974950001161584870000003760                             82040424175      000                        1421190506                              100506000000000860010400523000000000000125647101220506              0000000000000000000000000000000000000000000000008812000000000021200000000000001220506                         0000000000000000000000000                                             000011
102021974950001161584870000003760                             82040510179      000                        1421190506                              100506000000000860010400523000000000000125647101220506              0000000000000000000000000000000000000000000000008849000000000024900000000000001220506                         0000000000000000000000000                                             000012
102021974950001161584870000003760                             82050338158      000                        1421190506                              200406000000000750010410383000000000000125647101220506              0000000000000000000000000000000000000000000000007853000000000035300000000000001220506                         0000000000000000000000000                                             000013
102021974950001161584870000003760                             82060317170      000                        1421190506                              150506000000000860010408761000000000000125647101220506              0000000000000000000000000000000000000000000000008806000000000020600000000000001220506                         0000000000000000000000000                                             000014
102021974950001161584870000003760                             82070415166      000                        1421190506                              150306000000000860010408672000000000000125647101220506              0000000000000000000000000000000000000000000000009330000000000073000000000000001220506                         0000000000000000000000000                                             000015
102021974950001161584870000003760                             82070604112      000                        1421190506                              210506000000000760010405592000000000000125647101220506              0000000000000000000000000000000000000000000000007600000000000000000000000000001220506                         0000000000000000000000000                                             000016
102021974950001161584870000003760                             82070605119      000                        1421190506                              210506000000000760010405592000000000000125647101220506              0000000000000000000000000000000000000000000000007600000000000000000000000000001220506                         0000000000000000000000000                                             000017
102021974950001161584870000003760                             82070618113      000                        1421190506                              210506000000000760006500016000000000000270663101220506              0000000000000000000000000000000000000000000000007600000000000000000000000000001220506                         0000000000000000000000000                                             000018
102021974950001161584870000003760                             82070623117      000                        1421190506                              210506000000000760010405592000000000000125647101220506              0000000000000000000000000000000000000000000000007600000000000000000000000000001220506                         0000000000000000000000000                                             000019
102021974950001161584870000003760                             82090120170      000                        1421190506                              100506000000000750010400540000000000000125647101220506              0000000000000000000000000000000000000000000000007713000000000021300000000000001220506                         0000000000000000000000000                                             000020
102021974950001161584870000003760                             82110209162      000                        1421190506                              100406000000000450010407765000000000000125647101220506              0000000000000000000000000000000000000000000000004746000000000024600000000000001220506                         0000000000000000000000000                                             000021
102021974950001161584870000003760                             82110209170      000                        1421190506                              100506000000000450010407765000000000000125647101220506              0000000000000000000000000000000000000000000000004636000000000013600000000000001220506                         0000000000000000000000000                                             000022
9201104                                                                                                                                                                                                                                                                                                                                                                                                   000023
