02RETORNO01COBRANCA       1584870000003760    IPAD                          104C ECON FEDERAL 200906                                                                                                                                                                                                                                                                                                 00292000001
102021974950001161584870000003760                             82000047885      000                        1421200906                              000000000000000760010424465000000000000125647101210906              0000000000000000000000000000000000000000000000007600000000000000000000000000001210906                         0000000000000000000000000                                             000002
102021974950001161584870000003760                             82000049217      000                        1421200906                              000000000000000380075641796000000000000270663101210906              0000000000000000000000000000000000000000000000003800000000000000000000000000001210906                         0000000000000000000000000                                             000003
102021974950001161584870000003760                             82030320164      000                        1421200906                              300806000000000860010409156000000000000125647101210906              0000000000000000000000000000000000000000000000008940000000000034000000000000001210906                         0000000000000000000000000                                             000004
102021974950001161584870000003760                             82030927131      000                        1421200906                              100906000000000760010407757000000000000125647101210906              0000000000000000000000000000000000000000000000007828000000000022800000000000001210906                         0000000000000000000000000                                             000005
102021974950001161584870000003760                             82060405133      000                        1421200906                              100906000000000760010430171000000000000240655100200906              0000000000000000000000000000000000000000000000007828000000000022800000000000001200906                         0000000000000000000000000                                             000006
102021974950001161584870000003760                             82060607160      000                        1421200906                              150906000000000750010412424000000000000125647101210906              0000000000000000000000000000000000000000000000007685000000000018500000000000001210906                         0000000000000000000000000                                             000007
102021974950001161584870000003760                             82070623150      000                        1421200906                              210906000000000760010415806000000000000125647101210906              0000000000000000000000000000000000000000000000007600000000000000000000000000001210906                         0000000000000000000000000                                             000008
102021974950001161584870000003760                             82070703137      000                        1421200906                              200906000000000760006500016000000000000270663101210906              0000000000000000000000000000000000000000000000007600000000000000000000000000001210906                         0000000000000000000000000                                             000009
102021974950001161584870000003760                             82070705130      000                        1421200906                              200906000000000760010405592000000000000125647101210906              0000000000000000000000000000000000000000000000007600000000000000000000000000001210906                         0000000000000000000000000                                             000010
102021974950001161584870000003760                             82070712136      000                        1421200906                              200906000000000760006500016000000000000270663101210906              0000000000000000000000000000000000000000000000007600000000000000000000000000001210906                         0000000000000000000000000                                             000011
102021974950001161584870000003760                             82070723138      000                        1421200906                              200906000000000760007347476000000000000270663101210906              0000000000000000000000000000000000000000000000007600000000000000000000000000001210906                         0000000000000000000000000                                             000012
102021974950001161584870000003760                             82071205130      000                        1421200906                              100906000000000760010415806000000000000125647101210906              0000000000000000000000000000000000000000000000007822000000000022200000000000001210906                         0000000000000000000000000                                             000013
102021974950001161584870000003760                             82110711160      000                        1421200906                              200906000000000750010407765000000000000125647101210906              0000000000000000000000000000000000000000000000007500000000000000000000000000001210906                         0000000000000000000000000                                             000014
102021974950001161584870000003760                             82110722161      000                        1421200906                              200906000000000750010407765000000000000125647101210906              0000000000000000000000000000000000000000000000007500000000000000000000000000001210906                         0000000000000000000000000                                             000015
102021974950001161584870000003760                             82110807167      000                        1421200906                              200906000000000750006500016000000000000270663101210906              0000000000000000000000000000000000000000000000007500000000000000000000000000001210906                         0000000000000000000000000                                             000016
9201104                                                                                                                                                                                                                                                                                                                                                                                                   000017
