02RETORNO01COBRANCA       1584870000003760    IPAD                          104C ECON FEDERAL 200705                                                                                                                                                                                                                                                                                                 00008000001
102021974950001161584870000003760                             82999381568      000                        1421200705                              100805000000000860010409148000000000000125647101210705              0000000000000000000000000000000000000000000000008600000000000000000000000000001210705                         0000000000000000000000000                                             000002
102021974950001161584870000003760                             82999382904      000                        1421200705                              100805000000000860006500016000000000000270663101210705              0000000000000000000000000000000000000000000000008600000000000000000000000000001210705                         0000000000000000000000000                                             000003
102021974950001161584870000003760                             82999382920      000                        1421200705                              100805000000000860006500016000000000000270663101210705              0000000000000000000000000000000000000000000000008600000000000000000000000000001210705                         0000000000000000000000000                                             000004
102021974950001161584870000003760                             82999382980      000                        1421200705                              100805000000000860010409148000000000000125647101210705              0000000000000000000000000000000000000000000000008600000000000000000000000000001210705                         0000000000000000000000000                                             000005
102021974950001161584870000003760                             82999383021      000                        1421200705                              100805000000000860010409148000000000000125647101210705              0000000000000000000000000000000000000000000000008600000000000000000000000000001210705                         0000000000000000000000000                                             000006
102021974950001161584870000003760                             82999383048      000                        1421200705                              100805000000000860002411246000000000000270663101210705              0000000000000000000000000000000000000000000000008600000000000000000000000000001210705                         0000000000000000000000000                                             000007
9201104                                                                                                                                                                                                                                                                                                                                                                                                   000008
