02RETORNO01COBRANCA       1584870000003760    IPAD                          104C ECON FEDERAL 200306                                                                                                                                                                                                                                                                                                 00165000001
102021974950001161584870000003760                             82000036522      000                        1421200306                              200306000000000860010405592000000000000125647101210306              0000000000000000000000000000000000000000000000008600000000000000000000000000001210306                         0000000000000000000000000                                             000002
102021974950001161584870000003760                             82000036638      000                        1421200306                              200306000000000860010405592000000000000125647101210306              0000000000000000000000000000000000000000000000008600000000000000000000000000001210306                         0000000000000000000000000                                             000003
102021974950001161584870000003760                             82000036786      000                        1421200306                              200306000000000860010405592000000000000125647101210306              0000000000000000000000000000000000000000000000008600000000000000000000000000001210306                         0000000000000000000000000                                             000004
102021974950001161584870000003760                             82000036824      000                        1421200306                              200306000000000860010405592000000000000125647101210306              0000000000000000000000000000000000000000000000008600000000000000000000000000001210306                         0000000000000000000000000                                             000005
102021974950001161584870000003760                             82000036840      000                        1421200306                              200306000000000860010405592000000000000125647101210306              0000000000000000000000000000000000000000000000008600000000000000000000000000001210306                         0000000000000000000000000                                             000006
102021974950001161584870000003760                             82000038320      000                        1421200306                              210306000000000760010405592000000000000125647101210306              0000000000000000000000000000000000000000000000007600000000000000000000000000001210306                         0000000000000000000000000                                             000007
102021974950001161584870000003760                             82000038339      000                        1421200306                              210306000000000760010405592000000000000125647101210306              0000000000000000000000000000000000000000000000007600000000000000000000000000001210306                         0000000000000000000000000                                             000008
102021974950001161584870000003760                             82000038347      000                        1421200306                              210306000000000760010405592000000000000125647101210306              0000000000000000000000000000000000000000000000007600000000000000000000000000001210306                         0000000000000000000000000                                             000009
102021974950001161584870000003760                             82000038355      000                        1421200306                              210306000000000760010405592000000000000125647101210306              0000000000000000000000000000000000000000000000007600000000000000000000000000001210306                         0000000000000000000000000                                             000010
102021974950001161584870000003760                             82000038363      000                        1421200306                              210306000000000760010405592000000000000125647101210306              0000000000000000000000000000000000000000000000007600000000000000000000000000001210306                         0000000000000000000000000                                             000011
102021974950001161584870000003760                             82010133148      000                        1421200306                              100206000000000750010414338000000000000125647101210306              0000000000000000000000000000000000000000000000007935000000000043500000000000001210306                         0000000000000000000000000                                             000012
102021974950001161584870000003760                             82050208165      000                        1421200306                              100306000000000400010400531000000000000125647101210306              0000000000000000000000000000000000000000000000004120000000000012000000000000001210306                         0000000000000000000000000                                             000013
102021974950001161584870000003760                             82050238161      000                        1421200306                              180306000000000400006500016000000000000270663101210306              0000000000000000000000000000000000000000000000004000000000000000000000000000001210306                         0000000000000000000000000                                             000014
102021974950001161584870000003760                             82050314143      000                        1421200306                              100106000000000860010427782000000000000125647101210306              0000000000000000000000000000000000000000000000009365000000000076500000000000001210306                         0000000000000000000000000                                             000015
102021974950001161584870000003760                             82050317169      000                        1421200306                              100306000000000860010427782000000000000125647101210306              0000000000000000000000000000000000000000000000008858000000000025800000000000001210306                         0000000000000000000000000                                             000016
102021974950001161584870000003760                             82050336163      000                        1421200306                              100306000000000860010410383000000000000125647101210306              0000000000000000000000000000000000000000000000008852000000000025200000000000001210306                         0000000000000000000000000                                             000017
102021974950001161584870000003760                             82060102173      000                        1421200306                              150306000000000860010406483000000000000125647101210306              0000000000000000000000000000000000000000000000008797000000000019700000000000001210306                         0000000000000000000000000                                             000018
102021974950001161584870000003760                             82060124177      000                        1421200306                              150306000000000860010408761000000000000125647101210306              0000000000000000000000000000000000000000000000008820000000000022000000000000001210306                         0000000000000000000000000                                             000019
102021974950001161584870000003760                             82070125168      000                        1421200306                              110306000000000860010400493000000000000240655100200306              0000000000000000000000000000000000000000000000008853000000000025300000000000001200306                         0000000000000000000000000                                             000020
102021974950001161584870000003760                             82070306162      000                        1421200306                              150306000000000860010406513000000000000125647101210306              0000000000000000000000000000000000000000000000008799000000000019900000000000001210306                         0000000000000000000000000                                             000021
102021974950001161584870000003760                             82090120153      000                        1421200306                              100206000000000750010400540000000000000125647101210306              0000000000000000000000000000000000000000000000007935000000000043500000000000001210306                         0000000000000000000000000                                             000022
102021974950001161584870000003760                             82090223157      000                        1421200306                              100206000000000750010400540000000000000125647101210306              0000000000000000000000000000000000000000000000007916000000000041600000000000001210306                         0000000000000000000000000                                             000023
102021974950001161584870000003760                             82090223165      000                        1421200306                              100306000000000750010400540000000000000125647101210306              0000000000000000000000000000000000000000000000007720000000000022000000000000001210306                         0000000000000000000000000                                             000024
102021974950001161584870000003760                             82090419159      000                        1421200306                              100206000000000750010400540000000000000125647101210306              0000000000000000000000000000000000000000000000007902000000000040200000000000001210306                         0000000000000000000000000                                             000025
102021974950001161584870000003760                             82090621179      000                        1421200306                              100406000000000375010400540000000000000125647101210306              0000000000000000000000000000000000000000000000003750000000000000000000000000001210306                         0000000000000000000000000                                             000026
102021974950001161584870000003760                             82091036164      000                        1421200306                              100306000000000750010408770000000000000125647101210306              0000000000000000000000000000000000000000000000007700000000000020000000000000001210306                         0000000000000000000000000                                             000027
102021974950001161584870000003760                             82091212167      000                        1421200306                              100306000000000750010400540000000000000125647101210306              0000000000000000000000000000000000000000000000007706000000000020600000000000001210306                         0000000000000000000000000                                             000028
102021974950001161584870000003760                             82110106150      000                        1421200306                              100306000000000750010407765000000000000125647101210306              0000000000000000000000000000000000000000000000007725000000000022500000000000001210306                         0000000000000000000000000                                             000029
102021974950001161584870000003760                             82110122148      000                        1421200306                              100206000000000750010407765000000000000125647101210306              0000000000000000000000000000000000000000000000007970000000000047000000000000001210306                         0000000000000000000000000                                             000030
102021974950001161584870000003760                             82110402159      000                        1421200306                              200306000000000750010408125000000000000125647101210306              0000000000000000000000000000000000000000000000007500000000000000000000000000001210306                         0000000000000000000000000                                             000031
102021974950001161584870000003760                             82110404151      000                        1421200306                              200306000000000750010408125000000000000125647101210306              0000000000000000000000000000000000000000000000007500000000000000000000000000001210306                         0000000000000000000000000                                             000032
102021974950001161584870000003760                             82110406154      000                        1421200306                              200306000000000750006500016000000000000270663101210306              0000000000000000000000000000000000000000000000007500000000000000000000000000001210306                         0000000000000000000000000                                             000033
102021974950001161584870000003760                             82110419159      000                        1421200306                              200306000000000750010408125000000000000125647101210306              0000000000000000000000000000000000000000000000007500000000000000000000000000001210306                         0000000000000000000000000                                             000034
102021974950001161584870000003760                             82130112164      000                        1421200306                              100206000000000860010409148000000000000125647101210306              0000000000000000000000000000000000000000000000009098000000000049800000000000001210306                         0000000000000000000000000                                             000035
102021974950001161584870000003760                             82130210174      000                        1421200306                              100306000000000860010409148000000000000125647101210306              0000000000000000000000000000000000000000000000008858000000000025800000000000001210306                         0000000000000000000000000                                             000036
102021974950001161584870000003760                             82130216172      000                        1421200306                              100306000000000860010409148000000000000125647101210306              0000000000000000000000000000000000000000000000008858000000000025800000000000001210306                         0000000000000000000000000                                             000037
102021974950001161584870000003760                             82130251172      000                        1421200306                              100306000000000860010409148000000000000125647101210306              0000000000000000000000000000000000000000000000008858000000000025800000000000001210306                         0000000000000000000000000                                             000038
9201104                                                                                                                                                                                                                                                                                                                                                                                                   000039
