02RETORNO01COBRANCA       1584870000003760    IPAD                          104C ECON FEDERAL 211106                                                                                                                                                                                                                                                                                                 00333000001
102021974950001161584870000003760                             82000050118      000                        1421211106                              000000000000000760039928996000000000000270663101221106              0000000000000000000000000000000000000000000000007600000000000000000000000000001221106                         0000000000000000000000000                                             000002
102021974950001161584870000003760                             82000050339      000                        1421211106                              000000000000000380006500016000000000000270663101221106              0000000000000000000000000000000000000000000000003800000000000000000000000000001221106                         0000000000000000000000000                                             000003
102021974950001161584870000003760                             82010323125      000                        1421211106                              100706000000000660010409148000000000000125647101221106              0000000000000000000000000000000000000000000000006810000000000021000000000000001221106                         0000000000000000000000000                                             000004
102021974950001161584870000003760                             82010323150      000                        1421211106                              101006000000000660010409148000000000000125647101221106              0000000000000000000000000000000000000000000000006760000000000016000000000000001221106                         0000000000000000000000000                                             000005
102021974950001161584870000003760                             82030812148      000                        1421211106                              151106000000000760010409156000000000000125647101221106              0000000000000000000000000000000000000000000000007797000000000019700000000000001221106                         0000000000000000000000000                                             000006
102021974950001161584870000003760                             82060238156      000                        1421211106                              301106000000000860010421911000000000000125647101221106              0000000000000000000000000000000000000000000000008600000000000000000000000000001221106                         0000000000000000000000000                                             000007
102021974950001161584870000003760                             82060238164      000                        1421211106                              301106000000000860010421911000000000000125647101221106              0000000000000000000000000000000000000000000000008600000000000000000000000000001221106                         0000000000000000000000000                                             000008
102021974950001161584870000003760                             82060417158      000                        1421211106                              101106000000000760010430171000000000000125647101221106              0000000000000000000000000000000000000000000000007835000000000023500000000000001221106                         0000000000000000000000000                                             000009
102021974950001161584870000003760                             82070605160      000                        1421211106                              201106000000000760010405592000000000000125647101221106              0000000000000000000000000000000000000000000000007828000000000022800000000000001221106                         0000000000000000000000000                                             000010
102021974950001161584870000003760                             82070726153      000                        1421211106                              201106000000000760010405592000000000000125647101221106              0000000000000000000000000000000000000000000000007759000000000015900000000000001221106                         0000000000000000000000000                                             000011
102021974950001161584870000003760                             82071224178      000                        1421211106                              100107000000000760010400485000000000000125647101221106              0000000000000000000000000000000000000000000000007600000000000000000000000000001221106                         0000000000000000000000000                                             000012
102021974950001161584870000003760                             82071402114      000                        1421211106                              101106000000000760010421245000000000000240655100211106              0000000000000000000000000000000000000000000000007836000000000023600000000000001211106                         0000000000000000000000000                                             000013
102021974950001161584870000003760                             82110614164      000                        1421211106                              201106000000000750010407765000000000000125647101221106              0000000000000000000000000000000000000000000000007656000000000015600000000000001221106                         0000000000000000000000000                                             000014
102021974950001161584870000003760                             82110733155      000                        1421211106                              201106000000000750010407765000000000000125647101221106              0000000000000000000000000000000000000000000000007500000000000000000000000000001221106                         0000000000000000000000000                                             000015
102021974950001161584870000003760                             82110811148      000                        1421211106                              201106000000000750010407765000000000000125647101221106              0000000000000000000000000000000000000000000000007656000000000015600000000000001221106                         0000000000000000000000000                                             000016
102021974950001161584870000003760                             82130434110      000                        1421211106                              211106000000000760010409148000000000000125647101221106              0000000000000000000000000000000000000000000000007600000000000000000000000000001221106                         0000000000000000000000000                                             000017
102021974950001161584870000003760                             82130435117      000                        1421211106                              211106000000000760010407765000000000000125647101221106              0000000000000000000000000000000000000000000000007600000000000000000000000000001221106                         0000000000000000000000000                                             000018
102021974950001161584870000003760                             82130436113      000                        1421211106                              211106000000000760010407765000000000000125647101221106              0000000000000000000000000000000000000000000000007600000000000000000000000000001221106                         0000000000000000000000000                                             000019
102021974950001161584870000003760                             82130437110      000                        1421211106                              211106000000000760010409148000000000000125647101221106              0000000000000000000000000000000000000000000000007600000000000000000000000000001221106                         0000000000000000000000000                                             000020
102021974950001161584870000003760                             82130438116      000                        1421211106                              211106000000000760010407765000000000000125647101221106              0000000000000000000000000000000000000000000000007600000000000000000000000000001221106                         0000000000000000000000000                                             000021
9201104                                                                                                                                                                                                                                                                                                                                                                                                   000022
