02RETORNO01COBRANCA       1584870000003760    IPAD                          104C ECON FEDERAL 210906                                                                                                                                                                                                                                                                                                 00293000001
102021974950001161584870000003760                             82000049306      000                        1421210906                              000000000000000380010400540000000000000125647101220906              0000000000000000000000000000000000000000000000003800000000000000000000000000001220906                         0000000000000000000000000                                             000002
102021974950001161584870000003760                             82000049322      000                        1421210906                              000000000000000380010400540000000000000125647101220906              0000000000000000000000000000000000000000000000003800000000000000000000000000001220906                         0000000000000000000000000                                             000003
102021974950001161584870000003760                             82000049330      000                        1421210906                              000000000000000380010400540000000000000125647101220906              0000000000000000000000000000000000000000000000003800000000000000000000000000001220906                         0000000000000000000000000                                             000004
102021974950001161584870000003760                             82000049349      000                        1421210906                              000000000000000380010400540000000000000125647101220906              0000000000000000000000000000000000000000000000003800000000000000000000000000001220906                         0000000000000000000000000                                             000005
102021974950001161584870000003760                             82000049357      000                        1421210906                              000000000000000380010400540000000000000125647101220906              0000000000000000000000000000000000000000000000003800000000000000000000000000001220906                         0000000000000000000000000                                             000006
102021974950001161584870000003760                             82060508129      000                        1421210906                              100806000000000760010409172000000000000125647101220906              0000000000000000000000000000000000000000000000008071000000000047100000000000001220906                         0000000000000000000000000                                             000007
102021974950001161584870000003760                             82060602168      000                        1421210906                              150906000000000750010412424000000000000125647101220906              0000000000000000000000000000000000000000000000007692000000000019200000000000001220906                         0000000000000000000000000                                             000008
102021974950001161584870000003760                             82060705153      000                        1421210906                              150806000000000860010400477000000000000125647101220906              0000000000000000000000000000000000000000000000008824000000000022400000000000001220906                         0000000000000000000000000                                             000009
102021974950001161584870000003760                             82060914135      000                        1421210906                              100906000000000760010410286000000000000125647101220906              0000000000000000000000000000000000000000000000007752000000000015200000000000001220906                         0000000000000000000000000                                             000010
102021974950001161584870000003760                             82070607154      000                        1421210906                              210906000000000760010405592000000000000125647101220906              0000000000000000000000000000000000000000000000007600000000000000000000000000001220906                         0000000000000000000000000                                             000011
102021974950001161584870000003760                             82070701134      000                        1421210906                              200906000000000760010405592000000000000125647101220906              0000000000000000000000000000000000000000000000007759000000000015900000000000001220906                         0000000000000000000000000                                             000012
102021974950001161584870000003760                             82070715135      000                        1421210906                              200906000000000760010405592000000000000125647101220906              0000000000000000000000000000000000000000000000007759000000000015900000000000001220906                         0000000000000000000000000                                             000013
102021974950001161584870000003760                             82070718134      000                        1421210906                              200906000000000760010415806000000000000125647101220906              0000000000000000000000000000000000000000000000007759000000000015900000000000001220906                         0000000000000000000000000                                             000014
102021974950001161584870000003760                             82091123156      000                        1421210906                              300806000000000750010400540000000000000125647101220906              0000000000000000000000000000000000000000000000007500000000000000000000000000001220906                         0000000000000000000000000                                             000015
102021974950001161584870000003760                             82110606161      000                        1421210906                              200906000000000750010407765000000000000125647101220906              0000000000000000000000000000000000000000000000007650000000000015000000000000001220906                         0000000000000000000000000                                             000016
102021974950001161584870000003760                             82110617163      000                        1421210906                              200906000000000750010407765000000000000125647101220906              0000000000000000000000000000000000000000000000007650000000000015000000000000001220906                         0000000000000000000000000                                             000017
102021974950001161584870000003760                             82110622175      000                        1421210906                              201006000000000750010407765000000000000125647101220906              0000000000000000000000000000000000000000000000007500000000000000000000000000001220906                         0000000000000000000000000                                             000018
102021974950001161584870000003760                             82110718164      000                        1421210906                              200906000000000750010407765000000000000125647101220906              0000000000000000000000000000000000000000000000007650000000000015000000000000001220906                         0000000000000000000000000                                             000019
102021974950001161584870000003760                             82110726167      000                        1421210906                              200906000000000750010407765000000000000125647101220906              0000000000000000000000000000000000000000000000007650000000000015000000000000001220906                         0000000000000000000000000                                             000020
102021974950001161584870000003760                             82110808155      000                        1421210906                              200806000000000750010407765000000000000125647101220906              0000000000000000000000000000000000000000000000007882000000000038200000000000001220906                         0000000000000000000000000                                             000021
9201104                                                                                                                                                                                                                                                                                                                                                                                                   000022
