02RETORNO01COBRANCA       1584870000003760    IPAD                          104C ECON FEDERAL 211205                                                                                                                                                                                                                                                                                                 00105000001
102021974950001161584870000003760                             82050308135      000                        1421211205                              101205000000000860010410383000000000000125647101221205              0000000000000000000000000000000000000000000000008860000000000026000000000000001221205                         0000000000000000000000000                                             000002
102021974950001161584870000003760                             82060303128      000                        1421211205                              151205000000000860010408761000000000000125647101221205              0000000000000000000000000000000000000000000000008824000000000022400000000000001221205                         0000000000000000000000000                                             000003
102021974950001161584870000003760                             82070205129      000                        1421211205                              101105000000000860010410286000000000000125647101221205              0000000000000000000000000000000000000000000000009125000000000052500000000000001221205                         0000000000000000000000000                                             000004
102021974950001161584870000003760                             82070220136      000                        1421211205                              101205000000000860010409440000000000000125647101221205              0000000000000000000000000000000000000000000000008866000000000026600000000000001221205                         0000000000000000000000000                                             000005
102021974950001161584870000003760                             82070312120      000                        1421211205                              151105000000000860010406483000000000000125647101221205              0000000000000000000000000000000000000000000000009060000000000046000000000000001221205                         0000000000000000000000000                                             000006
102021974950001161584870000003760                             82070312138      000                        1421211205                              151205000000000860010406483000000000000125647101221205              0000000000000000000000000000000000000000000000008820000000000022000000000000001221205                         0000000000000000000000000                                             000007
102021974950001161584870000003760                             82070403133      000                        1421211205                              151205000000000860010409172000000000000125647101221205              0000000000000000000000000000000000000000000000008723000000000012300000000000001221205                         0000000000000000000000000                                             000008
102021974950001161584870000003760                             82090128146      000                        1421211205                              100106000000000750075641796000000000000270663101221205              0000000000000000000000000000000000000000000000007500000000000000000000000000001221205                         0000000000000000000000000                                             000009
102021974950001161584870000003760                             82120115136      000                        1421211205                              101205000000000650010421245000000000000125647101221205              0000000000000000000000000000000000000000000000006696000000000019600000000000001221205                         0000000000000000000000000                                             000010
102021974950001161584870000003760                             82120117139      000                        1421211205                              101205000000000650010421245000000000000125647101221205              0000000000000000000000000000000000000000000000006696000000000019600000000000001221205                         0000000000000000000000000                                             000011
102021974950001161584870000003760                             82120135137      000                        1421211205                              101205000000000650010421245000000000000125647101221205              0000000000000000000000000000000000000000000000006696000000000019600000000000001221205                         0000000000000000000000000                                             000012
102021974950001161584870000003760                             82130205138      000                        1421211205                              101105000000000860010409148000000000000125647101221205              0000000000000000000000000000000000000000000000009124000000000052400000000000001221205                         0000000000000000000000000                                             000013
9201104                                                                                                                                                                                                                                                                                                                                                                                                   000014
