02RETORNO01COBRANCA       1584870000003760    IPAD                          104C ECON FEDERAL 211206                                                                                                                                                                                                                                                                                                 00355000001
102021974950001161584870000003760                             82000049489      000                        1421211206                              000000000000000760000127026000000000000270663101221206              0000000000000000000000000000000000000000000000007600000000000000000000000000001221206                         0000000000000000000000000                                             000002
102021974950001161584870000003760                             82000049632      000                        1421211206                              000000000000000760000127026000000000000270663101221206              0000000000000000000000000000000000000000000000007600000000000000000000000000001221206                         0000000000000000000000000                                             000003
102021974950001161584870000003760                             82000049829      000                        1421211206                              000000000000000760010409156000000000000125647101221206              0000000000000000000000000000000000000000000000007600000000000000000000000000001221206                         0000000000000000000000000                                             000004
102021974950001161584870000003760                             82000050070      000                        1421211206                              000000000000000760010409156000000000000125647101221206              0000000000000000000000000000000000000000000000007600000000000000000000000000001221206                         0000000000000000000000000                                             000005
102021974950001161584870000003760                             82030228160      000                        1421211206                              101106000000000760010409156000000000000125647101221206              0000000000000000000000000000000000000000000000008039000000000043900000000000001221206                         0000000000000000000000000                                             000006
102021974950001161584870000003760                             82030228179      000                        1421211206                              101206000000000760010409156000000000000125647101221206              0000000000000000000000000000000000000000000000007829000000000022900000000000001221206                         0000000000000000000000000                                             000007
102021974950001161584870000003760                             82030334173      000                        1421211206                              301106000000000860010409156000000000000125647101221206              0000000000000000000000000000000000000000000000008952000000000035200000000000001221206                         0000000000000000000000000                                             000008
102021974950001161584870000003760                             82030516166      000                        1421211206                              151206000000000760010409148000000000000125647101221206              0000000000000000000000000000000000000000000000007797000000000019700000000000001221206                         0000000000000000000000000                                             000009
102021974950001161584870000003760                             82030521160      000                        1421211206                              151206000000000760010409148000000000000125647101221206              0000000000000000000000000000000000000000000000007797000000000019700000000000001221206                         0000000000000000000000000                                             000010
102021974950001161584870000003760                             82030717153      000                        1421211206                              101206000000000760010409148000000000000125647101221206              0000000000000000000000000000000000000000000000007834000000000023400000000000001221206                         0000000000000000000000000                                             000011
102021974950001161584870000003760                             82030801154      000                        1421211206                              151206000000000760010409156000000000000125647101221206              0000000000000000000000000000000000000000000000007798000000000019800000000000001221206                         0000000000000000000000000                                             000012
102021974950001161584870000003760                             82031002115      000                        1421211206                              301206000000000760000141966000000000000270663101221206              0000000000000000000000000000000000000000000000007600000000000000000000000000001221206                         0000000000000000000000000                                             000013
102021974950001161584870000003760                             82060931137      000                        1421211206                              101006000000000760010409172000000000000125647101221206              0000000000000000000000000000000000000000000000008299000000000069900000000000001221206                         0000000000000000000000000                                             000014
102021974950001161584870000003760                             82060931145      000                        1421211206                              101106000000000760010409172000000000000125647101221206              0000000000000000000000000000000000000000000000008063000000000046300000000000001221206                         0000000000000000000000000                                             000015
102021974950001161584870000003760                             82060931153      000                        1421211206                              101206000000000760010409172000000000000125647101221206              0000000000000000000000000000000000000000000000007835000000000023500000000000001221206                         0000000000000000000000000                                             000016
102021974950001161584870000003760                             82061032110      000                        1421211206                              151206000000000760010400540000000000000125647101221206              0000000000000000000000000000000000000000000000007800000000000020000000000000001221206                         0000000000000000000000000                                             000017
102021974950001161584870000003760                             82070701169      000                        1421211206                              201206000000000760010405592000000000000125647101221206              0000000000000000000000000000000000000000000000007759000000000015900000000000001221206                         0000000000000000000000000                                             000018
102021974950001161584870000003760                             82070712160      000                        1421211206                              201206000000000760010405592000000000000125647101221206              0000000000000000000000000000000000000000000000007759000000000015900000000000001221206                         0000000000000000000000000                                             000019
102021974950001161584870000003760                             82070726161      000                        1421211206                              201206000000000760010405592000000000000125647101221206              0000000000000000000000000000000000000000000000007600000000000000000000000000001221206                         0000000000000000000000000                                             000020
102021974950001161584870000003760                             82071216175      000                        1421211206                              100107000000000760006500016000000000000270663101221206              0000000000000000000000000000000000000000000000007600000000000000000000000000001221206                         0000000000000000000000000                                             000021
102021974950001161584870000003760                             82090725136      000                        1421211206                              310806000000000750010408770000000000000125647101221206              0000000000000000000000000000000000000000000000008427000000000092700000000000001221206                         0000000000000000000000000                                             000022
102021974950001161584870000003760                             82090725144      000                        1421211206                              310806000000000750010408770000000000000125647101221206              0000000000000000000000000000000000000000000000008427000000000092700000000000001221206                         0000000000000000000000000                                             000023
102021974950001161584870000003760                             82090725152      000                        1421211206                              310806000000000750010408770000000000000125647101221206              0000000000000000000000000000000000000000000000008424000000000092400000000000001221206                         0000000000000000000000000                                             000024
102021974950001161584870000003760                             82110624178      000                        1421211206                              201006000000000750010407765000000000000125647101221206              0000000000000000000000000000000000000000000000008107000000000060700000000000001221206                         0000000000000000000000000                                             000025
9201104                                                                                                                                                                                                                                                                                                                                                                                                   000026
