02RETORNO01COBRANCA       1584870000003760    IPAD                          104C ECON FEDERAL 210705                                                                                                                                                                                                                                                                                                 00009000001
102021974950001161584870000003760                             82999008026      000                        1421210705                              100805000000001000010415830000000000000240655100210705              0000000000000000000000000000000000000000000000010000000000000000000000000000001210705                         0000000000000000000000000                                             000002
102021974950001161584870000003760                             82999375487      000                        1421210705                              100805000000000860010400523000000000000125620101220705              0000000000000000000000000000000000000000000000008600000000000000000000000000001220705                         0000000000000000000000000                                             000003
102021974950001161584870000003760                             82999381584      000                        1421210705                              100805000000000860010409148000000000000125647101220705              0000000000000000000000000000000000000000000000008600000000000000000000000000001220705                         0000000000000000000000000                                             000004
102021974950001161584870000003760                             82999381606      000                        1421210705                              100805000000000860010409148000000000000125647101220705              0000000000000000000000000000000000000000000000008600000000000000000000000000001220705                         0000000000000000000000000                                             000005
102021974950001161584870000003760                             82999381622      000                        1421210705                              100805000000000860010409148000000000000125647101220705              0000000000000000000000000000000000000000000000008600000000000000000000000000001220705                         0000000000000000000000000                                             000006
102021974950001161584870000003760                             82999381720      000                        1421210705                              100805000000000860010409148000000000000125647101220705              0000000000000000000000000000000000000000000000008600000000000000000000000000001220705                         0000000000000000000000000                                             000007
102021974950001161584870000003760                             82999382386      000                        1421210705                              100805000000000860010409148000000000000125647101220705              0000000000000000000000000000000000000000000000008600000000000000000000000000001220705                         0000000000000000000000000                                             000008
102021974950001161584870000003760                             82999382424      000                        1421210705                              100805000000000860010409148000000000000125647101220705              0000000000000000000000000000000000000000000000008600000000000000000000000000001220705                         0000000000000000000000000                                             000009
102021974950001161584870000003760                             82999382440      000                        1421210705                              100805000000000860010409148000000000000125647101220705              0000000000000000000000000000000000000000000000008600000000000000000000000000001220705                         0000000000000000000000000                                             000010
102021974950001161584870000003760                             82999382467      000                        1421210705                              100805000000000860010409148000000000000125647101220705              0000000000000000000000000000000000000000000000008600000000000000000000000000001220705                         0000000000000000000000000                                             000011
102021974950001161584870000003760                             82999382521      000                        1421210705                              100805000000000860006500016000000000000270663101220705              0000000000000000000000000000000000000000000000008600000000000000000000000000001220705                         0000000000000000000000000                                             000012
102021974950001161584870000003760                             82999382564      000                        1421210705                              100805000000000860010409148000000000000125647101220705              0000000000000000000000000000000000000000000000008600000000000000000000000000001220705                         0000000000000000000000000                                             000013
102021974950001161584870000003760                             82999382580      000                        1421210705                              100805000000000860010409148000000000000125647101220705              0000000000000000000000000000000000000000000000008600000000000000000000000000001220705                         0000000000000000000000000                                             000014
102021974950001161584870000003760                             82999382602      000                        1421210705                              100805000000000860010409148000000000000125647101220705              0000000000000000000000000000000000000000000000008600000000000000000000000000001220705                         0000000000000000000000000                                             000015
102021974950001161584870000003760                             82999382629      000                        1421210705                              100805000000000860010409148000000000000125647101220705              0000000000000000000000000000000000000000000000008600000000000000000000000000001220705                         0000000000000000000000000                                             000016
102021974950001161584870000003760                             82999382807      000                        1421210705                              100805000000000860010409148000000000000125647101220705              0000000000000000000000000000000000000000000000008600000000000000000000000000001220705                         0000000000000000000000000                                             000017
102021974950001161584870000003760                             82999382823      000                        1421210705                              100805000000000860010409148000000000000125647101220705              0000000000000000000000000000000000000000000000008600000000000000000000000000001220705                         0000000000000000000000000                                             000018
102021974950001161584870000003760                             82999382840      000                        1421210705                              100805000000000860010409148000000000000125647101220705              0000000000000000000000000000000000000000000000008600000000000000000000000000001220705                         0000000000000000000000000                                             000019
102021974950001161584870000003760                             82999382963      000                        1421210705                              100805000000000860010409148000000000000125647101220705              0000000000000000000000000000000000000000000000008600000000000000000000000000001220705                         0000000000000000000000000                                             000020
9201104                                                                                                                                                                                                                                                                                                                                                                                                   000021
