02RETORNO01COBRANCA       1584870000003760    IPAD                          104C ECON FEDERAL 210306                                                                                                                                                                                                                                                                                                 00166000001
102021974950001161584870000003760                             82000038371      000                        1421210306                              210306000000000760010405592000000000000125647101220306              0000000000000000000000000000000000000000000000007600000000000000000000000000001220306                         0000000000000000000000000                                             000002
102021974950001161584870000003760                             82000038380      000                        1421210306                              210306000000000760010405592000000000000125647101220306              0000000000000000000000000000000000000000000000007600000000000000000000000000001220306                         0000000000000000000000000                                             000003
102021974950001161584870000003760                             82000038398      000                        1421210306                              210306000000000760010405592000000000000125647101220306              0000000000000000000000000000000000000000000000007600000000000000000000000000001220306                         0000000000000000000000000                                             000004
102021974950001161584870000003760                             82000038410      000                        1421210306                              210306000000000760010405592000000000000125647101220306              0000000000000000000000000000000000000000000000007600000000000000000000000000001220306                         0000000000000000000000000                                             000005
102021974950001161584870000003760                             82000038436      000                        1421210306                              210306000000000760010405592000000000000125647101220306              0000000000000000000000000000000000000000000000007600000000000000000000000000001220306                         0000000000000000000000000                                             000006
102021974950001161584870000003760                             82000038444      000                        1421210306                              210306000000000760006500016000000000000270663101220306              0000000000000000000000000000000000000000000000007600000000000000000000000000001220306                         0000000000000000000000000                                             000007
102021974950001161584870000003760                             82000038452      000                        1421210306                              210306000000000760006500016000000000000270663101220306              0000000000000000000000000000000000000000000000007600000000000000000000000000001220306                         0000000000000000000000000                                             000008
102021974950001161584870000003760                             82000038460      000                        1421210306                              210306000000000760010405592000000000000125647101220306              0000000000000000000000000000000000000000000000007600000000000000000000000000001220306                         0000000000000000000000000                                             000009
102021974950001161584870000003760                             82000038479      000                        1421210306                              210306000000000760010405592000000000000125647101220306              0000000000000000000000000000000000000000000000007600000000000000000000000000001220306                         0000000000000000000000000                                             000010
102021974950001161584870000003760                             82000038495      000                        1421210306                              210306000000000760010405592000000000000125647101220306              0000000000000000000000000000000000000000000000007600000000000000000000000000001220306                         0000000000000000000000000                                             000011
102021974950001161584870000003760                             82040411138      000                        1421210306                              101205000000000860010400523000000000000240655100210306              0000000000000000000000000000000000000000000000009681000000000108100000000000001210306                         0000000000000000000000000                                             000012
102021974950001161584870000003760                             82040411146      000                        1421210306                              100106000000000860010400523000000000000240655100210306              0000000000000000000000000000000000000000000000009402000000000080200000000000001210306                         0000000000000000000000000                                             000013
102021974950001161584870000003760                             82040411154      000                        1421210306                              100206000000000860010400523000000000000240655100210306              0000000000000000000000000000000000000000000000009123000000000052300000000000001210306                         0000000000000000000000000                                             000014
102021974950001161584870000003760                             82040411162      000                        1421210306                              100306000000000860010400523000000000000240655100210306              0000000000000000000000000000000000000000000000008871000000000027100000000000001210306                         0000000000000000000000000                                             000015
102021974950001161584870000003760                             82040515162      000                        1421210306                              100306000000000860010400523000000000000125647101220306              0000000000000000000000000000000000000000000000008866000000000026600000000000001220306                         0000000000000000000000000                                             000016
102021974950001161584870000003760                             82040532130      000                        1421210306                              100106000000000860010400523000000000000125647101220306              0000000000000000000000000000000000000000000000009374000000000077400000000000001220306                         0000000000000000000000000                                             000017
102021974950001161584870000003760                             82050301157      000                        1421210306                              100206000000000860010427782000000000000125647101220306              0000000000000000000000000000000000000000000000009107000000000050700000000000001220306                         0000000000000000000000000                                             000018
102021974950001161584870000003760                             82050301165      000                        1421210306                              100306000000000860010427782000000000000125647101220306              0000000000000000000000000000000000000000000000008867000000000026700000000000001220306                         0000000000000000000000000                                             000019
102021974950001161584870000003760                             82050309166      000                        1421210306                              100306000000000860010427782000000000000125647101220306              0000000000000000000000000000000000000000000000008867000000000026700000000000001220306                         0000000000000000000000000                                             000020
102021974950001161584870000003760                             82050312167      000                        1421210306                              100306000000000860010427782000000000000125647101220306              0000000000000000000000000000000000000000000000008867000000000026700000000000001220306                         0000000000000000000000000                                             000021
102021974950001161584870000003760                             82050319161      000                        1421210306                              100306000000000860010427782000000000000125647101220306              0000000000000000000000000000000000000000000000008867000000000026700000000000001220306                         0000000000000000000000000                                             000022
102021974950001161584870000003760                             82050322162      000                        1421210306                              100306000000000860010427782000000000000125647101220306              0000000000000000000000000000000000000000000000008867000000000026700000000000001220306                         0000000000000000000000000                                             000023
102021974950001161584870000003760                             82050328152      000                        1421210306                              100206000000000860010427782000000000000125647101220306              0000000000000000000000000000000000000000000000009107000000000050700000000000001220306                         0000000000000000000000000                                             000024
102021974950001161584870000003760                             82050328160      000                        1421210306                              100306000000000860010427782000000000000125647101220306              0000000000000000000000000000000000000000000000008867000000000026700000000000001220306                         0000000000000000000000000                                             000025
102021974950001161584870000003760                             82050338123      000                        1421210306                              200106000000000750010410383000000000000125647101220306              0000000000000000000000000000000000000000000000008070000000000057000000000000001220306                         0000000000000000000000000                                             000026
102021974950001161584870000003760                             82050338131      000                        1421210306                              200206000000000750010410383000000000000125647101220306              0000000000000000000000000000000000000000000000007853000000000035300000000000001220306                         0000000000000000000000000                                             000027
102021974950001161584870000003760                             82050338140      000                        1421210306                              200306000000000750010410383000000000000125647101220306              0000000000000000000000000000000000000000000000007657000000000015700000000000001220306                         0000000000000000000000000                                             000028
102021974950001161584870000003760                             82060135160      000                        1421210306                              150206000000000860010430171000000000000240655100210306              0000000000000000000000000000000000000000000000009065000000000046500000000000001210306                         0000000000000000000000000                                             000029
102021974950001161584870000003760                             82060331121      000                        1421210306                              151205000000000860010408761000000000000240655100210306              0000000000000000000000000000000000000000000000009632000000000103200000000000001210306                         0000000000000000000000000                                             000030
102021974950001161584870000003760                             82070107178      000                        1421210306                              100406000000000860010400469000000000000125647101220306              0000000000000000000000000000000000000000000000008600000000000000000000000000001220306                         0000000000000000000000000                                             000031
102021974950001161584870000003760                             82070213164      000                        1421210306                              100306000000000860010410308000000000000125647101220306              0000000000000000000000000000000000000000000000008860000000000026000000000000001220306                         0000000000000000000000000                                             000032
102021974950001161584870000003760                             82070518151      000                        1421210306                              150206000000000860010423485000000000000240655100210306              0000000000000000000000000000000000000000000000009096000000000049600000000000001210306                         0000000000000000000000000                                             000033
102021974950001161584870000003760                             82090226148      000                        1421210306                              100106000000000750010400540000000000000125647101220306              0000000000000000000000000000000000000000000000008140000000000064000000000000001220306                         0000000000000000000000000                                             000034
102021974950001161584870000003760                             82090228167      000                        1421210306                              100306000000000750010400540000000000000125647101220306              0000000000000000000000000000000000000000000000007730000000000023000000000000001220306                         0000000000000000000000000                                             000035
102021974950001161584870000003760                             82110123152      000                        1421210306                              100306000000000750010407765000000000000125647101220306              0000000000000000000000000000000000000000000000007732000000000023200000000000001220306                         0000000000000000000000000                                             000036
102021974950001161584870000003760                             82120129161      000                        1421210306                              100306000000000650010421245000000000000125647101220306              0000000000000000000000000000000000000000000000006696000000000019600000000000001220306                         0000000000000000000000000                                             000037
9201104                                                                                                                                                                                                                                                                                                                                                                                                   000038
