02RETORNO01COBRANCA       1584870000003760    IPAD                          104C ECON FEDERAL 221106                                                                                                                                                                                                                                                                                                 00334000001
102021974950001161584870000003760                             82000050118      000                        1421221106                              000000000000000760010421245000000000000125647101231106              0000000000000000000000000000000000000000000000007600000000000000000000000000001231106                         0000000000000000000000000                                             000002
102021974950001161584870000003760                             82000050118      000                        1421221106                              000000000000000760039928996000000000000270663101231106              0000000000000000000000000000000000000000000000007600000000000000000000000000001231106                         0000000000000000000000000                                             000003
102021974950001161584870000003760                             82030203168      000                        1421221106                              101106000000000760010409156000000000000125647101231106              0000000000000000000000000000000000000000000000007836000000000023600000000000001231106                         0000000000000000000000000                                             000004
102021974950001161584870000003760                             82030221131      000                        1421221106                              100806000000000760010409156000000000000125647101231106              0000000000000000000000000000000000000000000000008542000000000094200000000000001231106                         0000000000000000000000000                                             000005
102021974950001161584870000003760                             82030221140      000                        1421221106                              100906000000000760010409156000000000000125647101231106              0000000000000000000000000000000000000000000000008307000000000070700000000000001231106                         0000000000000000000000000                                             000006
102021974950001161584870000003760                             82030801146      000                        1421221106                              151106000000000760010409156000000000000125647101231106              0000000000000000000000000000000000000000000000007805000000000020500000000000001231106                         0000000000000000000000000                                             000007
102021974950001161584870000003760                             82030811141      000                        1421221106                              151106000000000760010409156000000000000125647101231106              0000000000000000000000000000000000000000000000007805000000000020500000000000001231106                         0000000000000000000000000                                             000008
102021974950001161584870000003760                             82030813144      000                        1421221106                              151106000000000760010409156000000000000125647101231106              0000000000000000000000000000000000000000000000007805000000000020500000000000001231106                         0000000000000000000000000                                             000009
102021974950001161584870000003760                             82030908161      000                        1421221106                              101206000000000760010407757000000000000125647101231106              0000000000000000000000000000000000000000000000007600000000000000000000000000001231106                         0000000000000000000000000                                             000010
102021974950001161584870000003760                             82040333170      000                        1421221106                              231106000000000360010400523000000000000125647101231106              0000000000000000000000000000000000000000000000003600000000000000000000000000001231106                         0000000000000000000000000                                             000011
102021974950001161584870000003760                             82070628160      000                        1421221106                              201106000000000760010405592000000000000125647101231106              0000000000000000000000000000000000000000000000007600000000000000000000000000001231106                         0000000000000000000000000                                             000012
102021974950001161584870000003760                             82090226172      000                        1421221106                              301106000000000750010400540000000000000125647101231106              0000000000000000000000000000000000000000000000007500000000000000000000000000001231106                         0000000000000000000000000                                             000013
102021974950001161584870000003760                             82090413150      000                        1421221106                              301106000000000750010400540000000000000125647101231106              0000000000000000000000000000000000000000000000007500000000000000000000000000001231106                         0000000000000000000000000                                             000014
102021974950001161584870000003760                             82090413169      000                        1421221106                              301106000000000750010400540000000000000125647101231106              0000000000000000000000000000000000000000000000007500000000000000000000000000001231106                         0000000000000000000000000                                             000015
9201104                                                                                                                                                                                                                                                                                                                                                                                                   000016
