02RETORNO01COBRANCA       1584870000003760    IPAD                          104C ECON FEDERAL 220506                                                                                                                                                                                                                                                                                                 00207000001
102021974950001161584870000003760                             82000039505      000                        1421220506                              000000000000000760010405592000000000000125647101230506              0000000000000000000000000000000000000000000000007600000000000000000000000000001230506                         0000000000000000000000000                                             000002
102021974950001161584870000003760                             82000039874      000                        1421220506                              000000000000000760035610366000000000000270663101230506              0000000000000000000000000000000000000000000000007600000000000000000000000000001230506                         0000000000000000000000000                                             000003
102021974950001161584870000003760                             82000039920      000                        1421220506                              000000000000000760006500016000000000000270663101230506              0000000000000000000000000000000000000000000000007600000000000000000000000000001230506                         0000000000000000000000000                                             000004
102021974950001161584870000003760                             82000039980      000                        1421220506                              000000000000000760010405592000000000000125647101230506              0000000000000000000000000000000000000000000000007600000000000000000000000000001230506                         0000000000000000000000000                                             000005
102021974950001161584870000003760                             82000039998      000                        1421220506                              000000000000000760010405592000000000000125647101230506              0000000000000000000000000000000000000000000000007600000000000000000000000000001230506                         0000000000000000000000000                                             000006
102021974950001161584870000003760                             82000043898      000                        1421220506                              000000000000000760010409148000000000000125647101230506              0000000000000000000000000000000000000000000000007600000000000000000000000000001230506                         0000000000000000000000000                                             000007
102021974950001161584870000003760                             82000044835      000                        1421220506                              000000000000000760010409156000000000000125647101230506              0000000000000000000000000000000000000000000000007600000000000000000000000000001230506                         0000000000000000000000000                                             000008
102021974950001161584870000003760                             82030127151      000                        1421220506                              100306000000000750010424465000000000000125647101230506              0000000000000000000000000000000000000000000000008154000000000065400000000000001230506                         0000000000000000000000000                                             000009
102021974950001161584870000003760                             82030127160      000                        1421220506                              100406000000000750010424465000000000000125647101230506              0000000000000000000000000000000000000000000000007944000000000044400000000000001230506                         0000000000000000000000000                                             000010
102021974950001161584870000003760                             82030127178      000                        1421220506                              100506000000000750010424465000000000000125647101230506              0000000000000000000000000000000000000000000000007734000000000023400000000000001230506                         0000000000000000000000000                                             000011
102021974950001161584870000003760                             82030204113      000                        1421220506                              220506000000000760006500016000000000000270663101230506              0000000000000000000000000000000000000000000000007600000000000000000000000000001230506                         0000000000000000000000000                                             000012
102021974950001161584870000003760                             82030229116      000                        1421220506                              000000000000000760039928996000000000000270663101230506              0000000000000000000000000000000000000000000000007600000000000000000000000000001230506                         0000000000000000000000000                                             000013
102021974950001161584870000003760                             82030413120      000                        1421220506                              100506000000000760010407757000000000000125647101230506              0000000000000000000000000000000000000000000000007836000000000023600000000000001230506                         0000000000000000000000000                                             000014
102021974950001161584870000003760                             82040612176      000                        1421220506                              100406000000000860010407730000000000000125647101230506              0000000000000000000000000000000000000000000000008808000000000020800000000000001230506                         0000000000000000000000000                                             000015
102021974950001161584870000003760                             82060230171      000                        1421220506                              100506000000000860010421911000000000000125647101230506              0000000000000000000000000000000000000000000000008875000000000027500000000000001230506                         0000000000000000000000000                                             000016
102021974950001161584870000003760                             82060712125      000                        1421220506                              150506000000000860010415806000000000000125647101230506              0000000000000000000000000000000000000000000000008828000000000022800000000000001230506                         0000000000000000000000000                                             000017
102021974950001161584870000003760                             82070607111      000                        1421220506                              210506000000000760010405592000000000000125647101230506              0000000000000000000000000000000000000000000000007600000000000000000000000000001230506                         0000000000000000000000000                                             000018
102021974950001161584870000003760                             82070610112      000                        1421220506                              210506000000000760010405592000000000000125647101230506              0000000000000000000000000000000000000000000000007600000000000000000000000000001230506                         0000000000000000000000000                                             000019
102021974950001161584870000003760                             82070620118      000                        1421220506                              210506000000000760010405592000000000000125647101230506              0000000000000000000000000000000000000000000000007600000000000000000000000000001230506                         0000000000000000000000000                                             000020
102021974950001161584870000003760                             82070622110      000                        1421220506                              210506000000000760010405592000000000000125647101230506              0000000000000000000000000000000000000000000000007600000000000000000000000000001230506                         0000000000000000000000000                                             000021
102021974950001161584870000003760                             82070630113      000                        1421220506                              210506000000000760010405592000000000000125647101230506              0000000000000000000000000000000000000000000000007600000000000000000000000000001230506                         0000000000000000000000000                                             000022
102021974950001161584870000003760                             82090620156      000                        1421220506                              100506000000000375010408770000000000000125647101230506              0000000000000000000000000000000000000000000000003850000000000010000000000000001230506                         0000000000000000000000000                                             000023
102021974950001161584870000003760                             82110222150      000                        1421220506                              100306000000000450010407765000000000000240655100220506              0000000000000000000000000000000000000000000000004950000000000045000000000000001220506                         0000000000000000000000000                                             000024
9201104                                                                                                                                                                                                                                                                                                                                                                                                   000025
