02RETORNO01COBRANCA       1584870000003760    IPAD                          104C ECON FEDERAL 220107                                                                                                                                                                                                                                                                                                 00374000001
102021974950001161584870000003760                             82030529179      000                        1421220107                              150107000000000760010424465000000000000125647101230107              0000000000000000000000000000000000000000000000007787000000000018700000000000001230107                         0000000000000000000000000                                             000002
102021974950001161584870000003760                             82030913173      000                        1421220107                              100107000000000760010407757000000000000125647101230107              0000000000000000000000000000000000000000000000007843000000000024300000000000001230107                         0000000000000000000000000                                             000003
102021974950001161584870000003760                             82031028122      000                        1421220107                              300107000000000760000142256000000000000270663101230107              0000000000000000000000000000000000000000000000007600000000000000000000000000001230107                         0000000000000000000000000                                             000004
102021974950001161584870000003760                             82031126140      000                        1421220107                              100207000000000760010424465000000000000125647101230107              0000000000000000000000000000000000000000000000007600000000000000000000000000001230107                         0000000000000000000000000                                             000005
102021974950001161584870000003760                             82050312175      000                        1421220107                              250107000000000860010427782000000000000125647101230107              0000000000000000000000000000000000000000000000008600000000000000000000000000001230107                         0000000000000000000000000                                             000006
102021974950001161584870000003760                             82061003128      000                        1421220107                              150107000000000760010400540000000000000125647101230107              0000000000000000000000000000000000000000000000007790000000000019000000000000001230107                         0000000000000000000000000                                             000007
102021974950001161584870000003760                             82061009126      000                        1421220107                              150107000000000760010400540000000000000125647101230107              0000000000000000000000000000000000000000000000007805000000000020500000000000001230107                         0000000000000000000000000                                             000008
102021974950001161584870000003760                             82061019121      000                        1421220107                              150107000000000760010400540000000000000125647101230107              0000000000000000000000000000000000000000000000007805000000000020500000000000001230107                         0000000000000000000000000                                             000009
102021974950001161584870000003760                             82061027124      000                        1421220107                              150107000000000760010400540000000000000125647101230107              0000000000000000000000000000000000000000000000007805000000000020500000000000001230107                         0000000000000000000000000                                             000010
102021974950001161584870000003760                             82061038126      000                        1421220107                              150107000000000760010400540000000000000125647101230107              0000000000000000000000000000000000000000000000007805000000000020500000000000001230107                         0000000000000000000000000                                             000011
102021974950001161584870000003760                             82070201166      000                        1421220107                              220107000000000860010415830000000000000240655100220107              0000000000000000000000000000000000000000000000008600000000000000000000000000001220107                         0000000000000000000000000                                             000012
102021974950001161584870000003760                             82070201174      000                        1421220107                              220107000000000860010415830000000000000240655100220107              0000000000000000000000000000000000000000000000008600000000000000000000000000001220107                         0000000000000000000000000                                             000013
102021974950001161584870000003760                             82070706179      000                        1421220107                              200107000000000760010405592000000000000125647101230107              0000000000000000000000000000000000000000000000007600000000000000000000000000001230107                         0000000000000000000000000                                             000014
102021974950001161584870000003760                             82070717170      000                        1421220107                              200107000000000760010405592000000000000125647101230107              0000000000000000000000000000000000000000000000007600000000000000000000000000001230107                         0000000000000000000000000                                             000015
102021974950001161584870000003760                             82110705178      000                        1421220107                              201106000000000750010407765000000000000125647101230107              0000000000000000000000000000000000000000000000007890000000000039000000000000001230107                         0000000000000000000000000                                             000016
102021974950001161584870000003760                             82110733171      000                        1421220107                              200107000000000750006500016000000000000270663101230107              0000000000000000000000000000000000000000000000007500000000000000000000000000001230107                         0000000000000000000000000                                             000017
102021974950001161584870000003760                             82111027130      000                        1421220107                              110107000000000760010407765000000000000125647101230107              0000000000000000000000000000000000000000000000007822000000000022200000000000001230107                         0000000000000000000000000                                             000018
9201104                                                                                                                                                                                                                                                                                                                                                                                                   000019
