02RETORNO01COBRANCA       1584870000003760    IPAD                          104C ECON FEDERAL 221205                                                                                                                                                                                                                                                                                                 00106000001
102021974950001161584870000003760                             82010208121      000                        1421221205                              101205000000000420010414338000000000000240655100221205              0000000000000000000000000000000000000000000000004334000000000013400000000000001221205                         0000000000000000000000000                                             000002
102021974950001161584870000003760                             82040308140      000                        1421221205                              100106000000000360010400523000000000000125647101231205              0000000000000000000000000000000000000000000000003600000000000000000000000000001231205                         0000000000000000000000000                                             000003
102021974950001161584870000003760                             82040330138      000                        1421221205                              151205000000000360010400523000000000000125647101231205              0000000000000000000000000000000000000000000000003700000000000010000000000000001231205                         0000000000000000000000000                                             000004
102021974950001161584870000003760                             82040331126      000                        1421221205                              251105000000000360010400523000000000000125647101231205              0000000000000000000000000000000000000000000000003780000000000018000000000000001231205                         0000000000000000000000000                                             000005
102021974950001161584870000003760                             82040336136      000                        1421221205                              151205000000000360010400523000000000000125647101231205              0000000000000000000000000000000000000000000000003700000000000010000000000000001231205                         0000000000000000000000000                                             000006
102021974950001161584870000003760                             82040621132      000                        1421221205                              101205000000000860010407730000000000000125647101231205              0000000000000000000000000000000000000000000000008875000000000027500000000000001231205                         0000000000000000000000000                                             000007
102021974950001161584870000003760                             82070208136      000                        1421221205                              101205000000000860010400493000000000000240655100221205              0000000000000000000000000000000000000000000000008880000000000028000000000000001221205                         0000000000000000000000000                                             000008
102021974950001161584870000003760                             82070315137      000                        1421221205                              151205000000000860010409440000000000000125647101231205              0000000000000000000000000000000000000000000000008828000000000022800000000000001231205                         0000000000000000000000000                                             000009
102021974950001161584870000003760                             82090932140      000                        1421221205                              100106000000017625000122576000000000000270663101231205              0000000000000000000000000000000000000000000000176250000000000000000000000000001231205                         0000000000000000000000000                                             000010
102021974950001161584870000003760                             82091002138      000                        1421221205                              101205000000000375010408770000000000000125647101231205              0000000000000000000000000000000000000000000000003861000000000011100000000000001231205                         0000000000000000000000000                                             000011
102021974950001161584870000003760                             82091034137      000                        1421221205                              101205000000000375010408770000000000000125647101231205              0000000000000000000000000000000000000000000000003861000000000011100000000000001231205                         0000000000000000000000000                                             000012
102021974950001161584870000003760                             82110109133      000                        1421221205                              100106000000000750010407765000000000000125647101231205              0000000000000000000000000000000000000000000000007500000000000000000000000000001231205                         0000000000000000000000000                                             000013
102021974950001161584870000003760                             82130110153      000                        1421221205                              100106000000000860010409148000000000000125647101231205              0000000000000000000000000000000000000000000000008600000000000000000000000000001231205                         0000000000000000000000000                                             000014
9201104                                                                                                                                                                                                                                                                                                                                                                                                   000015
