02RETORNO01COBRANCA       1584870000003760    IPAD                          104C ECON FEDERAL 210706                                                                                                                                                                                                                                                                                                 00250000001
102021974950001161584870000003760                             82000046650      000                        1421210706                              000000000000000760010409148000000000000125647101240706              0000000000000000000000000000000000000000000000007600000000000000000000000000001240706                         0000000000000000000000000                                             000002
102021974950001161584870000003760                             82030802118      000                        1421210706                              180706000000000760010409156000000000000125647101240706              0000000000000000000000000000000000000000000000007775000000000017500000000000001240706                         0000000000000000000000000                                             000003
102021974950001161584870000003760                             82070604139      000                        1421210706                              210706000000000760010405592000000000000125647101240706              0000000000000000000000000000000000000000000000007600000000000000000000000000001240706                         0000000000000000000000000                                             000004
102021974950001161584870000003760                             82070605135      000                        1421210706                              210706000000000760010405592000000000000125647101240706              0000000000000000000000000000000000000000000000007600000000000000000000000000001240706                         0000000000000000000000000                                             000005
102021974950001161584870000003760                             82070607138      000                        1421210706                              210706000000000760010405592000000000000125647101240706              0000000000000000000000000000000000000000000000007600000000000000000000000000001240706                         0000000000000000000000000                                             000006
102021974950001161584870000003760                             82110814120      000                        1421210706                              250506000000000750010407765000000000000125647101240706              0000000000000000000000000000000000000000000000008077000000000057700000000000001240706                         0000000000000000000000000                                             000007
9201104                                                                                                                                                                                                                                                                                                                                                                                                   000008
