02RETORNO01COBRANCA       1584870000003760    IPAD                          104C ECON FEDERAL 220206                                                                                                                                                                                                                                                                                                 00149000001
102021974950001161584870000003760                             82040129157      000                        1421220206                              100206000000000430010400523000000000000125647101230206              0000000000000000000000000000000000000000000000004412000000000011200000000000001230206                         0000000000000000000000000                                             000002
102021974950001161584870000003760                             82040512155      000                        1421220206                              100206000000000860010400523000000000000125647101230206              0000000000000000000000000000000000000000000000008875000000000027500000000000001230206                         0000000000000000000000000                                             000003
102021974950001161584870000003760                             82040622155      000                        1421220206                              100206000000000860010400523000000000000125647101230206              0000000000000000000000000000000000000000000000008875000000000027500000000000001230206                         0000000000000000000000000                                             000004
102021974950001161584870000003760                             82060129160      000                        1421220206                              150206000000000860010423469000000000000125647101230206              0000000000000000000000000000000000000000000000008832000000000023200000000000001230206                         0000000000000000000000000                                             000005
102021974950001161584870000003760                             82090207151      000                        1421220206                              100206000000000750010400540000000000000125647101230206              0000000000000000000000000000000000000000000000007734000000000023400000000000001230206                         0000000000000000000000000                                             000006
102021974950001161584870000003760                             82090429146      000                        1421220206                              100106000000000750010400540000000000000125647101230206              0000000000000000000000000000000000000000000000007951000000000045100000000000001230206                         0000000000000000000000000                                             000007
102021974950001161584870000003760                             82090724156      000                        1421220206                              100206000000000750010408770000000000000125647101230206              0000000000000000000000000000000000000000000000007734000000000023400000000000001230206                         0000000000000000000000000                                             000008
102021974950001161584870000003760                             82090816131      000                        1421220206                              100206000000000450010408770000000000000125647101230206              0000000000000000000000000000000000000000000000004602000000000010200000000000001230206                         0000000000000000000000000                                             000009
102021974950001161584870000003760                             82091112154      000                        1421220206                              100206000000000750010408770000000000000125647101230206              0000000000000000000000000000000000000000000000007740000000000024000000000000001230206                         0000000000000000000000000                                             000010
102021974950001161584870000003760                             82110416141      000                        1421220206                              200206000000000750010407765000000000000125647101230206              0000000000000000000000000000000000000000000000007500000000000000000000000000001230206                         0000000000000000000000000                                             000011
9201104                                                                                                                                                                                                                                                                                                                                                                                                   000012
