02RETORNO01COBRANCA       1584870000003760    IPAD                          104C ECON FEDERAL 220207                                                                                                                                                                                                                                                                                                 00394000001
102021974950001161584870000003760                             82000050495      000                        1421220207                              000000000000000800010409156000000000000125647101230207              0000000000000000000000000000000000000000000000008000000000000000000000000000001230207                         0000000000000000000000000                                             000002
102021974950001161584870000003760                             82031112140      000                        1421220207                              100207000000000760010424465000000000000125647101230207              0000000000000000000000000000000000000000000000007836000000000023600000000000001230207                         0000000000000000000000000                                             000003
102021974950001161584870000003760                             82110630160      000                        1421220207                              220207000000000750006500016000000000000270663101230207              0000000000000000000000000000000000000000000000007500000000000000000000000000001230207                         0000000000000000000000000                                             000004
102021974950001161584870000003760                             82110731136      000                        1421220207                              220207000000000750010407765000000000000125647101230207              0000000000000000000000000000000000000000000000007500000000000000000000000000001230207                         0000000000000000000000000                                             000005
102021974950001161584870000003760                             82110822166      000                        1421220207                              220207000000000750006500016000000000000270663101230207              0000000000000000000000000000000000000000000000007500000000000000000000000000001230207                         0000000000000000000000000                                             000006
9201104                                                                                                                                                                                                                                                                                                                                                                                                   000007
