02RETORNO01COBRANCA       1584870000003760    IPAD                          104C ECON FEDERAL 210206                                                                                                                                                                                                                                                                                                 00148000001
102021974950001161584870000003760                             82000033604      000                        1421210206                              050306000000000750010412424000000000000125647101220206              0000000000000000000000000000000000000000000000007500000000000000000000000000001220206                         0000000000000000000000000                                             000002
102021974950001161584870000003760                             82000036190      000                        1421210206                              150306000000000860010409156000000000000125647101220206              0000000000000000000000000000000000000000000000008600000000000000000000000000001220206                         0000000000000000000000000                                             000003
102021974950001161584870000003760                             82000036204      000                        1421210206                              150306000000000860010409156000000000000125647101220206              0000000000000000000000000000000000000000000000008600000000000000000000000000001220206                         0000000000000000000000000                                             000004
102021974950001161584870000003760                             82040135157      000                        1421210206                              100206000000012040010400523000000000000125647101220206              0000000000000000000000000000000000000000000000124132000000000373200000000000001220206                         0000000000000000000000000                                             000005
102021974950001161584870000003760                             82040612150      000                        1421210206                              100206000000000860010400523000000000000125647101220206              0000000000000000000000000000000000000000000000008866000000000026600000000000001220206                         0000000000000000000000000                                             000006
102021974950001161584870000003760                             82060128164      000                        1421210206                              150206000000000860010430171000000000000125647101220206              0000000000000000000000000000000000000000000000008833000000000023300000000000001220206                         0000000000000000000000000                                             000007
102021974950001161584870000003760                             82070206150      000                        1421210206                              100206000000000860010406785000000000000125647101220206              0000000000000000000000000000000000000000000000008866000000000026600000000000001220206                         0000000000000000000000000                                             000008
102021974950001161584870000003760                             82070321153      000                        1421210206                              150206000000000860010423485000000000000240655100210206              0000000000000000000000000000000000000000000000008780000000000018000000000000001210206                         0000000000000000000000000                                             000009
102021974950001161584870000003760                             82070325159      000                        1421210206                              150206000000000860010423485000000000000240655100210206              0000000000000000000000000000000000000000000000008780000000000018000000000000001210206                         0000000000000000000000000                                             000010
102021974950001161584870000003760                             82070521152      000                        1421210206                              150206000000000860010400493000000000000125647101220206              0000000000000000000000000000000000000000000000008823000000000022300000000000001220206                         0000000000000000000000000                                             000011
102021974950001161584870000003760                             82090324158      000                        1421210206                              100206000000000750010407749000000000000125647101220206              0000000000000000000000000000000000000000000000007658000000000015800000000000001220206                         0000000000000000000000000                                             000012
102021974950001161584870000003760                             82110337136      000                        1421210206                              100206000000000860010407765000000000000125647101220206              0000000000000000000000000000000000000000000000008860000000000026000000000000001220206                         0000000000000000000000000                                             000013
9201104                                                                                                                                                                                                                                                                                                                                                                                                   000014
