02RETORNO01COBRANCA       1584870000003760    IPAD                          104C ECON FEDERAL 230806                                                                                                                                                                                                                                                                                                 00273000001
102021974950001161584870000003760                             82030213139      000                        1421230806                              100806000000000760010407374000000000000125647101240806              0000000000000000000000000000000000000000000000007887000000000028700000000000001240806                         0000000000000000000000000                                             000002
102021974950001161584870000003760                             82030735119      000                        1421230806                              100806000000000760010409148000000000000125647101240806              0000000000000000000000000000000000000000000000007843000000000024300000000000001240806                         0000000000000000000000000                                             000003
102021974950001161584870000003760                             82060901122      000                        1421230806                              100806000000000760010412947000000000000125647101240806              0000000000000000000000000000000000000000000000007755000000000015500000000000001240806                         0000000000000000000000000                                             000004
102021974950001161584870000003760                             82070718126      000                        1421230806                              200806000000000760010400477000000000000125647101240806              0000000000000000000000000000000000000000000000007773000000000017300000000000001240806                         0000000000000000000000000                                             000005
102021974950001161584870000003760                             82090711143      000                        1421230806                              100406000000000750010408770000000000000125647101240806              0000000000000000000000000000000000000000000000008581000000000108100000000000001240806                         0000000000000000000000000                                             000006
102021974950001161584870000003760                             82090711160      000                        1421230806                              100506000000000750010408770000000000000125647101240806              0000000000000000000000000000000000000000000000008371000000000087100000000000001240806                         0000000000000000000000000                                             000007
102021974950001161584870000003760                             82110632146      000                        1421230806                              250706000000000750010407765000000000000125647101240806              0000000000000000000000000000000000000000000000007890000000000039000000000000001240806                         0000000000000000000000000                                             000008
102021974950001161584870000003760                             82110818134      000                        1421230806                              200606000000000750010407765000000000000125647101240806              0000000000000000000000000000000000000000000000008154000000000065400000000000001240806                         0000000000000000000000000                                             000009
9201104                                                                                                                                                                                                                                                                                                                                                                                                   000010
