02RETORNO01COBRANCA       1584870000003760    IPAD                          104C ECON FEDERAL 240806                                                                                                                                                                                                                                                                                                 00274000001
102021974950001161584870000003760                             82000048040      000                        1421240806                              000000000000000760010424465000000000000125647101250806              0000000000000000000000000000000000000000000000007600000000000000000000000000001250806                         0000000000000000000000000                                             000002
102021974950001161584870000003760                             82030702113      000                        1421240806                              100806000000000760010409148000000000000125647101250806              0000000000000000000000000000000000000000000000007850000000000025000000000000001250806                         0000000000000000000000000                                             000003
102021974950001161584870000003760                             82030805125      000                        1421240806                              100806000000000760010409156000000000000125647101250806              0000000000000000000000000000000000000000000000007858000000000025800000000000001250806                         0000000000000000000000000                                             000004
102021974950001161584870000003760                             82030808124      000                        1421240806                              100806000000000760010409156000000000000125647101250806              0000000000000000000000000000000000000000000000007858000000000025800000000000001250806                         0000000000000000000000000                                             000005
102021974950001161584870000003760                             82060605159      000                        1421240806                              150806000000000750010408761000000000000125647101250806              0000000000000000000000000000000000000000000000007717000000000021700000000000001250806                         0000000000000000000000000                                             000006
102021974950001161584870000003760                             82060920127      000                        1421240806                              100806000000000760010412947000000000000125647101250806              0000000000000000000000000000000000000000000000007859000000000025900000000000001250806                         0000000000000000000000000                                             000007
102021974950001161584870000003760                             82110704155      000                        1421240806                              200806000000000750010407765000000000000125647101250806              0000000000000000000000000000000000000000000000007686000000000018600000000000001250806                         0000000000000000000000000                                             000008
102021974950001161584870000003760                             82110719152      000                        1421240806                              200806000000000750010407765000000000000125647101250806              0000000000000000000000000000000000000000000000007682000000000018200000000000001250806                         0000000000000000000000000                                             000009
102021974950001161584870000003760                             82110824150      000                        1421240806                              200806000000000750010407765000000000000125647101250806              0000000000000000000000000000000000000000000000007690000000000019000000000000001250806                         0000000000000000000000000                                             000010
9201104                                                                                                                                                                                                                                                                                                                                                                                                   000011
