02RETORNO01COBRANCA       1584870000003760    IPAD                          104C ECON FEDERAL 240406                                                                                                                                                                                                                                                                                                 00188000001
102021974950001161584870000003760                             82000040384      000                        1421240406                              000000000000000760007347476000000000000270663101250406              0000000000000000000000000000000000000000000000007600000000000000000000000000001250406                         0000000000000000000000000                                             000002
102021974950001161584870000003760                             82000040570      000                        1421240406                              000000000000000760000121336000000000000270663101250406              0000000000000000000000000000000000000000000000007600000000000000000000000000001250406                         0000000000000000000000000                                             000003
102021974950001161584870000003760                             82000041240      000                        1421240406                              000000000000000760000121336000000000000270663101250406              0000000000000000000000000000000000000000000000007600000000000000000000000000001250406                         0000000000000000000000000                                             000004
102021974950001161584870000003760                             82010103141      000                        1421240406                              100206000000000750010414338000000000000240655100240406              0000000000000000000000000000000000000000000000008234000000000073400000000000001240406                         0000000000000000000000000                                             000005
102021974950001161584870000003760                             82010103150      000                        1421240406                              100306000000000750010414338000000000000240655100240406              0000000000000000000000000000000000000000000000008010000000000051000000000000001240406                         0000000000000000000000000                                             000006
102021974950001161584870000003760                             82010103168      000                        1421240406                              100406000000000750010414338000000000000240655100240406              0000000000000000000000000000000000000000000000007762000000000026200000000000001240406                         0000000000000000000000000                                             000007
102021974950001161584870000003760                             82010103176      000                        1421240406                              100506000000000750010414338000000000000240655100240406              0000000000000000000000000000000000000000000000007500000000000000000000000000001240406                         0000000000000000000000000                                             000008
102021974950001161584870000003760                             82010105160      000                        1421240406                              100406000000000750010414338000000000000240655100240406              0000000000000000000000000000000000000000000000007755000000000025500000000000001240406                         0000000000000000000000000                                             000009
102021974950001161584870000003760                             82010131161      000                        1421240406                              100406000000000750010414338000000000000125647101250406              0000000000000000000000000000000000000000000000007755000000000025500000000000001250406                         0000000000000000000000000                                             000010
102021974950001161584870000003760                             82040412169      000                        1421240406                              240406000000000860010400523000000000000125647101250406              0000000000000000000000000000000000000000000000008600000000000000000000000000001250406                         0000000000000000000000000                                             000011
102021974950001161584870000003760                             82040532148      000                        1421240406                              100206000000000860010400523000000000000125647101250406              0000000000000000000000000000000000000000000000009356000000000075600000000000001250406                         0000000000000000000000000                                             000012
102021974950001161584870000003760                             82050324173      000                        1421240406                              100406000000000860010427782000000000000125647101250406              0000000000000000000000000000000000000000000000008892000000000029200000000000001250406                         0000000000000000000000000                                             000013
102021974950001161584870000003760                             82050336171      000                        1421240406                              100406000000000860010410383000000000000125647101250406              0000000000000000000000000000000000000000000000008884000000000028400000000000001250406                         0000000000000000000000000                                             000014
102021974950001161584870000003760                             82070222171      000                        1421240406                              100406000000000860010400450000000000000125647101250406              0000000000000000000000000000000000000000000000008884000000000028400000000000001250406                         0000000000000000000000000                                             000015
102021974950001161584870000003760                             82090106177      000                        1421240406                              100406000000000750010400540000000000000125647101250406              0000000000000000000000000000000000000000000000007650000000000015000000000000001250406                         0000000000000000000000000                                             000016
102021974950001161584870000003760                             82090613141      000                        1421240406                              100506000000000375010408770000000000000125647101250406              0000000000000000000000000000000000000000000000003750000000000000000000000000001250406                         0000000000000000000000000                                             000017
102021974950001161584870000003760                             82090620121      000                        1421240406                              300406000000000375010408770000000000000125647101250406              0000000000000000000000000000000000000000000000003750000000000000000000000000001250406                         0000000000000000000000000                                             000018
102021974950001161584870000003760                             82090622140      000                        1421240406                              100506000000000375006500016000000000000270663101250406              0000000000000000000000000000000000000000000000003750000000000000000000000000001250406                         0000000000000000000000000                                             000019
102021974950001161584870000003760                             82090624143      000                        1421240406                              300406000000000375006500016000000000000270663101250406              0000000000000000000000000000000000000000000000003750000000000000000000000000001250406                         0000000000000000000000000                                             000020
102021974950001161584870000003760                             82090626154      000                        1421240406                              300406000000000375010408770000000000000125647101250406              0000000000000000000000000000000000000000000000003750000000000000000000000000001250406                         0000000000000000000000000                                             000021
102021974950001161584870000003760                             82090628122      000                        1421240406                              300406000000000375023718776000000000000270663101250406              0000000000000000000000000000000000000000000000003750000000000000000000000000001250406                         0000000000000000000000000                                             000022
102021974950001161584870000003760                             82090629145      000                        1421240406                              100506000000000375010408770000000000000125647101250406              0000000000000000000000000000000000000000000000003750000000000000000000000000001250406                         0000000000000000000000000                                             000023
102021974950001161584870000003760                             82091024131      000                        1421240406                              101205000000000375010408770000000000000125647101250406              0000000000000000000000000000000000000000000000004224000000000047400000000000001250406                         0000000000000000000000000                                             000024
102021974950001161584870000003760                             82091024140      000                        1421240406                              100106000000000375010408770000000000000125647101250406              0000000000000000000000000000000000000000000000004131000000000038100000000000001250406                         0000000000000000000000000                                             000025
102021974950001161584870000003760                             82091024158      000                        1421240406                              100206000000000375010408770000000000000125647101250406              0000000000000000000000000000000000000000000000004038000000000028800000000000001250406                         0000000000000000000000000                                             000026
102021974950001161584870000003760                             82091024166      000                        1421240406                              100306000000000375010408770000000000000125647101250406              0000000000000000000000000000000000000000000000003954000000000020400000000000001250406                         0000000000000000000000000                                             000027
102021974950001161584870000003760                             82091024174      000                        1421240406                              100406000000000375010408770000000000000125647101250406              0000000000000000000000000000000000000000000000003861000000000011100000000000001250406                         0000000000000000000000000                                             000028
102021974950001161584870000003760                             82110112169      000                        1421240406                              100406000000000750010407765000000000000125647101250406              0000000000000000000000000000000000000000000000007846000000000034600000000000001250406                         0000000000000000000000000                                             000029
102021974950001161584870000003760                             82110309159      000                        1421240406                              100306000000000860010407765000000000000240655100240406              0000000000000000000000000000000000000000000000009177000000000057700000000000001240406                         0000000000000000000000000                                             000030
102021974950001161584870000003760                             82110404160      000                        1421240406                              200406000000000750010408125000000000000125647101250406              0000000000000000000000000000000000000000000000007500000000000000000000000000001250406                         0000000000000000000000000                                             000031
102021974950001161584870000003760                             82110416168      000                        1421240406                              200406000000000750010407765000000000000125647101250406              0000000000000000000000000000000000000000000000007500000000000000000000000000001250406                         0000000000000000000000000                                             000032
102021974950001161584870000003760                             82130121171      000                        1421240406                              100306000000000860010409148000000000000125647101250406              0000000000000000000000000000000000000000000000009159000000000055900000000000001250406                         0000000000000000000000000                                             000033
9201104                                                                                                                                                                                                                                                                                                                                                                                                   000034
