02RETORNO01COBRANCA       1584870000003760    IPAD                          104C ECON FEDERAL 230606                                                                                                                                                                                                                                                                                                 00230000001
102021974950001161584870000003760                             82030214119      000                        1421230606                              100606000000000760010409156000000000000240655100230606              0000000000000000000000000000000000000000000000007851000000000025100000000000001230606                         0000000000000000000000000                                             000002
102021974950001161584870000003760                             82030231110      000                        1421230606                              100606000000000760010409156000000000000240655100230606              0000000000000000000000000000000000000000000000007882000000000028200000000000001230606                         0000000000000000000000000                                             000003
102021974950001161584870000003760                             82040607148      000                        1421230606                              100506000000000860010421709000000000000125647101260606              0000000000000000000000000000000000000000000000009150000000000055000000000000001260606                         0000000000000000000000000                                             000004
102021974950001161584870000003760                             82060629120      000                        1421230606                              150606000000000750010412424000000000000125647101260606              0000000000000000000000000000000000000000000000007710000000000021000000000000001260606                         0000000000000000000000000                                             000005
102021974950001161584870000003760                             82070603124      000                        1421230606                              210606000000000760010405592000000000000125647101260606              0000000000000000000000000000000000000000000000007759000000000015900000000000001260606                         0000000000000000000000000                                             000006
102021974950001161584870000003760                             82110304173      000                        1421230606                              100506000000000860010407765000000000000240655100230606              0000000000000000000000000000000000000000000000009168000000000056800000000000001230606                         0000000000000000000000000                                             000007
102021974950001161584870000003760                             82110710139      000                        1421230606                              200606000000000750010407765000000000000125647101260606              0000000000000000000000000000000000000000000000007674000000000017400000000000001260606                         0000000000000000000000000                                             000008
102021974950001161584870000003760                             82110712131      000                        1421230606                              200606000000000750010407765000000000000125647101260606              0000000000000000000000000000000000000000000000007674000000000017400000000000001260606                         0000000000000000000000000                                             000009
9201104                                                                                                                                                                                                                                                                                                                                                                                                   000010
