02RETORNO01COBRANCA       1584870000003760    IPAD                          104C ECON FEDERAL 250906                                                                                                                                                                                                                                                                                                 00295000001
102021974950001161584870000003760                             82030430164      000                        1421250906                              100906000000000760010407757000000000000125647101260906              0000000000000000000000000000000000000000000000007767000000000016700000000000001260906                         0000000000000000000000000                                             000002
102021974950001161584870000003760                             82030929134      000                        1421250906                              100906000000000760010407757000000000000240655100250906              0000000000000000000000000000000000000000000000007866000000000026600000000000001250906                         0000000000000000000000000                                             000003
102021974950001161584870000003760                             82060415139      000                        1421250906                              100906000000000760010408761000000000000240655100250906              0000000000000000000000000000000000000000000000007870000000000027000000000000001250906                         0000000000000000000000000                                             000004
102021974950001161584870000003760                             82060701140      000                        1421250906                              250906000000000860006500016000000000000270663101260906              0000000000000000000000000000000000000000000000008600000000000000000000000000001260906                         0000000000000000000000000                                             000005
102021974950001161584870000003760                             82060712133      000                        1421250906                              150606000000000860010427081000000000000240655100250906              0000000000000000000000000000000000000000000000009649000000000104900000000000001250906                         0000000000000000000000000                                             000006
102021974950001161584870000003760                             82060712141      000                        1421250906                              150706000000000860010427081000000000000240655100250906              0000000000000000000000000000000000000000000000009391000000000079100000000000001250906                         0000000000000000000000000                                             000007
102021974950001161584870000003760                             82060712150      000                        1421250906                              150806000000000860010427081000000000000240655100250906              0000000000000000000000000000000000000000000000009125000000000052500000000000001250906                         0000000000000000000000000                                             000008
102021974950001161584870000003760                             82060712176      000                        1421250906                              151006000000000860010427081000000000000240655100250906              0000000000000000000000000000000000000000000000008600000000000000000000000000001250906                         0000000000000000000000000                                             000009
102021974950001161584870000003760                             82060719162      000                        1421250906                              150906000000000860010410286000000000000240655100250906              0000000000000000000000000000000000000000000000008852000000000025200000000000001250906                         0000000000000000000000000                                             000010
102021974950001161584870000003760                             82070724134      000                        1421250906                              200906000000000760010415806000000000000125647101260906              0000000000000000000000000000000000000000000000007774000000000017400000000000001260906                         0000000000000000000000000                                             000011
9201104                                                                                                                                                                                                                                                                                                                                                                                                   000012
