02RETORNO01COBRANCA       1584870000003760    IPAD                          104C ECON FEDERAL 250406                                                                                                                                                                                                                                                                                                 00189000001
102021974950001161584870000003760                             82000035135      000                        1421250406                              100306000000000750010407765000000000000125647101260406              0000000000000000000000000000000000000000000000007920000000000042000000000000001260406                         0000000000000000000000000                                             000002
102021974950001161584870000003760                             82000040350      000                        1421250406                              000000000000000760007347476000000000000270663101260406              0000000000000000000000000000000000000000000000007600000000000000000000000000001260406                         0000000000000000000000000                                             000003
102021974950001161584870000003760                             82000040368      000                        1421250406                              000000000000000760007347476000000000000270663101260406              0000000000000000000000000000000000000000000000007600000000000000000000000000001260406                         0000000000000000000000000                                             000004
102021974950001161584870000003760                             82000040376      000                        1421250406                              000000000000000760007347476000000000000270663101260406              0000000000000000000000000000000000000000000000007600000000000000000000000000001260406                         0000000000000000000000000                                             000005
102021974950001161584870000003760                             82000040414      000                        1421250406                              000000000000000760007347476000000000000270663101260406              0000000000000000000000000000000000000000000000007600000000000000000000000000001260406                         0000000000000000000000000                                             000006
102021974950001161584870000003760                             82000041259      000                        1421250406                              000000000000000760000121336000000000000270663101260406              0000000000000000000000000000000000000000000000007600000000000000000000000000001260406                         0000000000000000000000000                                             000007
102021974950001161584870000003760                             82000042280      000                        1421250406                              000000000000000675010409148000000000000125647101260406              0000000000000000000000000000000000000000000000006750000000000000000000000000001260406                         0000000000000000000000000                                             000008
102021974950001161584870000003760                             82000042298      000                        1421250406                              000000000000000675010409148000000000000125647101260406              0000000000000000000000000000000000000000000000006750000000000000000000000000001260406                         0000000000000000000000000                                             000009
102021974950001161584870000003760                             82010215160      000                        1421250406                              100406000000000750010414338000000000000125647101260406              0000000000000000000000000000000000000000000000007762000000000026200000000000001260406                         0000000000000000000000000                                             000010
102021974950001161584870000003760                             82010216167      000                        1421250406                              100406000000000750010414338000000000000125647101260406              0000000000000000000000000000000000000000000000007762000000000026200000000000001260406                         0000000000000000000000000                                             000011
102021974950001161584870000003760                             82030119167      000                        1421250406                              100406000000000750010424465000000000000125647101260406              0000000000000000000000000000000000000000000000007783000000000028300000000000001260406                         0000000000000000000000000                                             000012
102021974950001161584870000003760                             82030413111      000                        1421250406                              100406000000000760010407757000000000000125647101260406              0000000000000000000000000000000000000000000000007857000000000025700000000000001260406                         0000000000000000000000000                                             000013
102021974950001161584870000003760                             82040515170      000                        1421250406                              100406000000000860010400523000000000000125647101260406              0000000000000000000000000000000000000000000000008901000000000030100000000000001260406                         0000000000000000000000000                                             000014
102021974950001161584870000003760                             82040622171      000                        1421250406                              100406000000000860010400523000000000000125647101260406              0000000000000000000000000000000000000000000000008901000000000030100000000000001260406                         0000000000000000000000000                                             000015
102021974950001161584870000003760                             82090307172      000                        1421250406                              100406000000000750010407749000000000000125647101260406              0000000000000000000000000000000000000000000000007755000000000025500000000000001260406                         0000000000000000000000000                                             000016
102021974950001161584870000003760                             82090406162      000                        1421250406                              100306000000000750010400540000000000000125647101260406              0000000000000000000000000000000000000000000000007995000000000049500000000000001260406                         0000000000000000000000000                                             000017
102021974950001161584870000003760                             82090616159      000                        1421250406                              300406000000000375010408770000000000000125647101260406              0000000000000000000000000000000000000000000000003750000000000000000000000000001260406                         0000000000000000000000000                                             000018
102021974950001161584870000003760                             82090621144      000                        1421250406                              100506000000000375010408770000000000000125647101260406              0000000000000000000000000000000000000000000000003750000000000000000000000000001260406                         0000000000000000000000000                                             000019
102021974950001161584870000003760                             82110414173      000                        1421250406                              200506000000000750000120676000000000000270663101260406              0000000000000000000000000000000000000000000000007500000000000000000000000000001260406                         0000000000000000000000000                                             000020
102021974950001161584870000003760                             82130221168      000                        1421250406                              100206000000000860010409148000000000000125647101260406              0000000000000000000000000000000000000000000000008901000000000030100000000000001260406                         0000000000000000000000000                                             000021
9201104                                                                                                                                                                                                                                                                                                                                                                                                   000022
