02RETORNO01COBRANCA       1584870000003760    IPAD                          104C ECON FEDERAL 221206                                                                                                                                                                                                                                                                                                 00356000001
102021974950001161584870000003760                             82000050037      000                        1421221206                              000000000000000760010424465000000000000125647101261206              0000000000000000000000000000000000000000000000007600000000000000000000000000001261206                         0000000000000000000000000                                             000002
102021974950001161584870000003760                             82000050061      000                        1421221206                              000000000000000760010409156000000000000125647101261206              0000000000000000000000000000000000000000000000007600000000000000000000000000001261206                         0000000000000000000000000                                             000003
102021974950001161584870000003760                             82010307170      000                        1421221206                              101206000000000660010409148000000000000125647101261206              0000000000000000000000000000000000000000000000006740000000000014000000000000001261206                         0000000000000000000000000                                             000004
102021974950001161584870000003760                             82010313170      000                        1421221206                              101206000000000660010409148000000000000125647101261206              0000000000000000000000000000000000000000000000006740000000000014000000000000001261206                         0000000000000000000000000                                             000005
102021974950001161584870000003760                             82030547177      000                        1421221206                              150107000000000760010409148000000000000125620101261206              0000000000000000000000000000000000000000000000007600000000000000000000000000001261206                         0000000000000000000000000                                             000006
102021974950001161584870000003760                             82030710140      000                        1421221206                              101106000000000760010409148000000000000125647101261206              0000000000000000000000000000000000000000000000008071000000000047100000000000001261206                         0000000000000000000000000                                             000007
102021974950001161584870000003760                             82030811150      000                        1421221206                              151206000000000760010409156000000000000125647101261206              0000000000000000000000000000000000000000000000007805000000000020500000000000001261206                         0000000000000000000000000                                             000008
102021974950001161584870000003760                             82030816160      000                        1421221206                              150107000000000760010409156000000000000125647101261206              0000000000000000000000000000000000000000000000007600000000000000000000000000001261206                         0000000000000000000000000                                             000009
102021974950001161584870000003760                             82030918167      000                        1421221206                              101206000000000760010407757000000000000125647101261206              0000000000000000000000000000000000000000000000007843000000000024300000000000001261206                         0000000000000000000000000                                             000010
102021974950001161584870000003760                             82060906175      000                        1421221206                              000000000000000760035606896000000000000270663101261206              0000000000000000000000000000000000000000000000007600000000000000000000000000001261206                         0000000000000000000000000                                             000011
102021974950001161584870000003760                             82070702165      000                        1421221206                              201206000000000760010405592000000000000125647101261206              0000000000000000000000000000000000000000000000007754000000000015400000000000001261206                         0000000000000000000000000                                             000012
102021974950001161584870000003760                             82070718169      000                        1421221206                              201206000000000760010405592000000000000125647101261206              0000000000000000000000000000000000000000000000007767000000000016700000000000001261206                         0000000000000000000000000                                             000013
102021974950001161584870000003760                             82071210169      000                        1421221206                              101206000000000760010400485000000000000125647101261206              0000000000000000000000000000000000000000000000007843000000000024300000000000001261206                         0000000000000000000000000                                             000014
102021974950001161584870000003760                             82071228157      000                        1421221206                              101106000000000760010400485000000000000125647101261206              0000000000000000000000000000000000000000000000008046000000000044600000000000001261206                         0000000000000000000000000                                             000015
102021974950001161584870000003760                             82071310120      000                        1421221206                              101206000000000760010421245000000000000125647101261206              0000000000000000000000000000000000000000000000007757000000000015700000000000001261206                         0000000000000000000000000                                             000016
102021974950001161584870000003760                             82071329115      000                        1421221206                              101106000000000760010421245000000000000125647101261206              0000000000000000000000000000000000000000000000007799000000000019900000000000001261206                         0000000000000000000000000                                             000017
102021974950001161584870000003760                             82071329123      000                        1421221206                              101206000000000760010421245000000000000125647101261206              0000000000000000000000000000000000000000000000007759000000000015900000000000001261206                         0000000000000000000000000                                             000018
102021974950001161584870000003760                             82110725160      000                        1421221206                              301206000000000750035610376000000000000270663101261206              0000000000000000000000000000000000000000000000007500000000000000000000000000001261206                         0000000000000000000000000                                             000019
102021974950001161584870000003760                             82110825157      000                        1421221206                              201106000000000750010407765000000000000125647101261206              0000000000000000000000000000000000000000000000007970000000000047000000000000001261206                         0000000000000000000000000                                             000020
9201104                                                                                                                                                                                                                                                                                                                                                                                                   000021
