02RETORNO01COBRANCA       1584870000003760    IPAD                          104C ECON FEDERAL 250506                                                                                                                                                                                                                                                                                                 00210000001
102021974950001161584870000003760                             82000039017      000                        1421250506                              000000000000000760010410308000000000000125647101260506              0000000000000000000000000000000000000000000000007600000000000000000000000000001260506                         0000000000000000000000000                                             000002
102021974950001161584870000003760                             82000045017      000                        1421250506                              000000000000000760010409156000000000000125647101260506              0000000000000000000000000000000000000000000000007600000000000000000000000000001260506                         0000000000000000000000000                                             000003
102021974950001161584870000003760                             82000045025      000                        1421250506                              000000000000000760010409156000000000000125647101260506              0000000000000000000000000000000000000000000000007600000000000000000000000000001260506                         0000000000000000000000000                                             000004
102021974950001161584870000003760                             82000045033      000                        1421250506                              000000000000000760010409156000000000000125647101260506              0000000000000000000000000000000000000000000000007600000000000000000000000000001260506                         0000000000000000000000000                                             000005
102021974950001161584870000003760                             82000045041      000                        1421250506                              000000000000000760010409156000000000000125647101260506              0000000000000000000000000000000000000000000000007600000000000000000000000000001260506                         0000000000000000000000000                                             000006
102021974950001161584870000003760                             82000045050      000                        1421250506                              000000000000000760010409156000000000000125647101260506              0000000000000000000000000000000000000000000000007600000000000000000000000000001260506                         0000000000000000000000000                                             000007
102021974950001161584870000003760                             82000045068      000                        1421250506                              000000000000000760010409156000000000000125647101260506              0000000000000000000000000000000000000000000000007600000000000000000000000000001260506                         0000000000000000000000000                                             000008
102021974950001161584870000003760                             82000045084      000                        1421250506                              000000000000000760010409156000000000000125647101260506              0000000000000000000000000000000000000000000000007600000000000000000000000000001260506                         0000000000000000000000000                                             000009
102021974950001161584870000003760                             82030120173      000                        1421250506                              100506000000000750010424465000000000000125647101260506              0000000000000000000000000000000000000000000000007755000000000025500000000000001260506                         0000000000000000000000000                                             000010
102021974950001161584870000003760                             82030316132      000                        1421250506                              300506000000000860006500016000000000000270663101260506              0000000000000000000000000000000000000000000000008600000000000000000000000000001260506                         0000000000000000000000000                                             000011
102021974950001161584870000003760                             82060215172      000                        1421250506                              100506000000000860010421911000000000000125647101260506              0000000000000000000000000000000000000000000000008892000000000029200000000000001260506                         0000000000000000000000000                                             000012
102021974950001161584870000003760                             82060618129      000                        1421250506                              250506000000000750074500016000000000000270663101260506              0000000000000000000000000000000000000000000000007500000000000000000000000000001260506                         0000000000000000000000000                                             000013
102021974950001161584870000003760                             82060621120      000                        1421250506                              150506000000000750010412424000000000000125647101260506              0000000000000000000000000000000000000000000000007730000000000023000000000000001260506                         0000000000000000000000000                                             000014
102021974950001161584870000003760                             82070329162      000                        1421250506                              150306000000000860010408761000000000000240655100250506              0000000000000000000000000000000000000000000000009151000000000055100000000000001250506                         0000000000000000000000000                                             000015
102021974950001161584870000003760                             82070407155      000                        1421250506                              300506000000000860010400450000000000000125647101260506              0000000000000000000000000000000000000000000000008600000000000000000000000000001260506                         0000000000000000000000000                                             000016
102021974950001161584870000003760                             82070407163      000                        1421250506                              300506000000000860010400450000000000000125647101260506              0000000000000000000000000000000000000000000000008600000000000000000000000000001260506                         0000000000000000000000000                                             000017
102021974950001161584870000003760                             82070407171      000                        1421250506                              300506000000000860010400450000000000000125647101260506              0000000000000000000000000000000000000000000000008600000000000000000000000000001260506                         0000000000000000000000000                                             000018
102021974950001161584870000003760                             82070624113      000                        1421250506                              210506000000000760010405592000000000000125647101260506              0000000000000000000000000000000000000000000000007782000000000018200000000000001260506                         0000000000000000000000000                                             000019
102021974950001161584870000003760                             82090602140      000                        1421250506                              100506000000000750010408770000000000000125647101260506              0000000000000000000000000000000000000000000000007765000000000026500000000000001260506                         0000000000000000000000000                                             000020
102021974950001161584870000003760                             82090616167      000                        1421250506                              100506000000000375010408770000000000000125647101260506              0000000000000000000000000000000000000000000000003881000000000013100000000000001260506                         0000000000000000000000000                                             000021
102021974950001161584870000003760                             82091214160      000                        1421250506                              100306000000000750010400540000000000000125647101260506              0000000000000000000000000000000000000000000000008182000000000068200000000000001260506                         0000000000000000000000000                                             000022
102021974950001161584870000003760                             82110607125      000                        1421250506                              250506000000000750010407765000000000000125647101260506              0000000000000000000000000000000000000000000000007500000000000000000000000000001260506                         0000000000000000000000000                                             000023
102021974950001161584870000003760                             82110611122      000                        1421250506                              250506000000000750010407765000000000000125647101260506              0000000000000000000000000000000000000000000000007500000000000000000000000000001260506                         0000000000000000000000000                                             000024
102021974950001161584870000003760                             82110612129      000                        1421250506                              250506000000000750006500016000000000000270663101260506              0000000000000000000000000000000000000000000000007500000000000000000000000000001260506                         0000000000000000000000000                                             000025
102021974950001161584870000003760                             82110627126      000                        1421250506                              250506000000000750010407765000000000000125647101260506              0000000000000000000000000000000000000000000000007500000000000000000000000000001260506                         0000000000000000000000000                                             000026
102021974950001161584870000003760                             82110628122      000                        1421250506                              250506000000000750010407765000000000000125647101260506              0000000000000000000000000000000000000000000000007500000000000000000000000000001260506                         0000000000000000000000000                                             000027
102021974950001161584870000003760                             82110633126      000                        1421250506                              250506000000000750010407765000000000000125647101260506              0000000000000000000000000000000000000000000000007500000000000000000000000000001260506                         0000000000000000000000000                                             000028
102021974950001161584870000003760                             82110701121      000                        1421250506                              250506000000000750010407765000000000000125647101260506              0000000000000000000000000000000000000000000000007500000000000000000000000000001260506                         0000000000000000000000000                                             000029
102021974950001161584870000003760                             82110705127      000                        1421250506                              250506000000000750010407765000000000000125647101260506              0000000000000000000000000000000000000000000000007500000000000000000000000000001260506                         0000000000000000000000000                                             000030
102021974950001161584870000003760                             82110706123      000                        1421250506                              250506000000000750010407765000000000000125647101260506              0000000000000000000000000000000000000000000000007500000000000000000000000000001260506                         0000000000000000000000000                                             000031
102021974950001161584870000003760                             82110712123      000                        1421250506                              250506000000000750010407765000000000000125647101260506              0000000000000000000000000000000000000000000000007500000000000000000000000000001260506                         0000000000000000000000000                                             000032
102021974950001161584870000003760                             82110715122      000                        1421250506                              250506000000000750010407765000000000000125647101260506              0000000000000000000000000000000000000000000000007500000000000000000000000000001260506                         0000000000000000000000000                                             000033
102021974950001161584870000003760                             82110718121      000                        1421250506                              250506000000000750010407765000000000000125647101260506              0000000000000000000000000000000000000000000000007500000000000000000000000000001260506                         0000000000000000000000000                                             000034
102021974950001161584870000003760                             82110719128      000                        1421250506                              250506000000000750035610376000000000000270663101260506              0000000000000000000000000000000000000000000000007500000000000000000000000000001260506                         0000000000000000000000000                                             000035
102021974950001161584870000003760                             82110725128      000                        1421250506                              250506000000000750010407765000000000000125647101260506              0000000000000000000000000000000000000000000000007500000000000000000000000000001260506                         0000000000000000000000000                                             000036
102021974950001161584870000003760                             82110726124      000                        1421250506                              250506000000000750010407765000000000000125647101260506              0000000000000000000000000000000000000000000000007500000000000000000000000000001260506                         0000000000000000000000000                                             000037
102021974950001161584870000003760                             82110727120      000                        1421250506                              250506000000000750000106056000000000000270663101260506              0000000000000000000000000000000000000000000000007500000000000000000000000000001260506                         0000000000000000000000000                                             000038
102021974950001161584870000003760                             82110733120      000                        1421250506                              250506000000000750006500016000000000000270663101260506              0000000000000000000000000000000000000000000000007500000000000000000000000000001260506                         0000000000000000000000000                                             000039
102021974950001161584870000003760                             82110802122      000                        1421250506                              250506000000000750010407765000000000000125647101260506              0000000000000000000000000000000000000000000000007500000000000000000000000000001260506                         0000000000000000000000000                                             000040
102021974950001161584870000003760                             82110805121      000                        1421250506                              250506000000000750010407765000000000000125647101260506              0000000000000000000000000000000000000000000000007500000000000000000000000000001260506                         0000000000000000000000000                                             000041
102021974950001161584870000003760                             82110807124      000                        1421250506                              250506000000000750000106056000000000000270663101260506              0000000000000000000000000000000000000000000000007500000000000000000000000000001260506                         0000000000000000000000000                                             000042
102021974950001161584870000003760                             82110813124      000                        1421250506                              250506000000000750010407765000000000000125647101260506              0000000000000000000000000000000000000000000000007500000000000000000000000000001260506                         0000000000000000000000000                                             000043
102021974950001161584870000003760                             82110822123      000                        1421250506                              250506000000000750010407765000000000000125647101260506              0000000000000000000000000000000000000000000000007500000000000000000000000000001260506                         0000000000000000000000000                                             000044
102021974950001161584870000003760                             82110824126      000                        1421250506                              250506000000000750010407765000000000000125647101260506              0000000000000000000000000000000000000000000000007500000000000000000000000000001260506                         0000000000000000000000000                                             000045
102021974950001161584870000003760                             82110826129      000                        1421250506                              250506000000000750000106056000000000000270663101260506              0000000000000000000000000000000000000000000000007500000000000000000000000000001260506                         0000000000000000000000000                                             000046
102021974950001161584870000003760                             82110827125      000                        1421250506                              250506000000000750010407765000000000000125647101260506              0000000000000000000000000000000000000000000000007500000000000000000000000000001260506                         0000000000000000000000000                                             000047
102021974950001161584870000003760                             82110828121      000                        1421250506                              250506000000000750006500016000000000000270663101260506              0000000000000000000000000000000000000000000000007500000000000000000000000000001260506                         0000000000000000000000000                                             000048
102021974950001161584870000003760                             82110834121      000                        1421250506                              250506000000000750000106056000000000000270663101260506              0000000000000000000000000000000000000000000000007500000000000000000000000000001260506                         0000000000000000000000000                                             000049
9201104                                                                                                                                                                                                                                                                                                                                                                                                   000050
