02RETORNO01COBRANCA       1584870000003760    IPAD                          104C ECON FEDERAL 250705                                                                                                                                                                                                                                                                                                 00011000001
102021974950001161584870000003760                             82999375347      000                        1421250705                              000000000000000860039928996000000000000270663101260705              0000000000000000000000000000000000000000000000008600000000000000000000000000001260705                         0000000000000000000000000                                             000002
102021974950001161584870000003760                             82999375428      000                        1421250705                              100805000000000860010400523000000000000125647101260705              0000000000000000000000000000000000000000000000008600000000000000000000000000001260705                         0000000000000000000000000                                             000003
102021974950001161584870000003760                             82999375444      000                        1421250705                              000000000000000860039928996000000000000270663101260705              0000000000000000000000000000000000000000000000008600000000000000000000000000001260705                         0000000000000000000000000                                             000004
102021974950001161584870000003760                             82999382360      000                        1421250705                              100805000000000860010409148000000000000125647101260705              0000000000000000000000000000000000000000000000008600000000000000000000000000001260705                         0000000000000000000000000                                             000005
102021974950001161584870000003760                             82999386004      000                        1421250705                              000000000000000860039928996000000000000270663101260705              0000000000000000000000000000000000000000000000008600000000000000000000000000001260705                         0000000000000000000000000                                             000006
9201104                                                                                                                                                                                                                                                                                                                                                                                                   000007
