02RETORNO01COBRANCA       1584870000003760    IPAD                          104C ECON FEDERAL 260906                                                                                                                                                                                                                                                                                                 00296000001
102021974950001161584870000003760                             82000047877      000                        1421260906                              000000000000000760010424465000000000000125647101270906              0000000000000000000000000000000000000000000000007600000000000000000000000000001270906                         0000000000000000000000000                                             000002
102021974950001161584870000003760                             82000049233      000                        1421260906                              000000000000000380010400540000000000000125647101270906              0000000000000000000000000000000000000000000000003800000000000000000000000000001270906                         0000000000000000000000000                                             000003
102021974950001161584870000003760                             82010318148      000                        1421260906                              100906000000000660010409148000000000000125647101270906              0000000000000000000000000000000000000000000000006837000000000023700000000000001270906                         0000000000000000000000000                                             000004
102021974950001161584870000003760                             82030406158      000                        1421260906                              100806000000000760010407757000000000000125647101270906              0000000000000000000000000000000000000000000000008053000000000045300000000000001270906                         0000000000000000000000000                                             000005
102021974950001161584870000003760                             82030429174      000                        1421260906                              101006000000000760023732106000000000000270663101270906              0000000000000000000000000000000000000000000000007600000000000000000000000000001270906                         0000000000000000000000000                                             000006
102021974950001161584870000003760                             82060621138      000                        1421260906                              150606000000000750010412424000000000000125647101270906              0000000000000000000000000000000000000000000000008371000000000087100000000000001270906                         0000000000000000000000000                                             000007
102021974950001161584870000003760                             82071210134      000                        1421260906                              100906000000000760010415830000000000000125647101270906              0000000000000000000000000000000000000000000000007873000000000027300000000000001270906                         0000000000000000000000000                                             000008
102021974950001161584870000003760                             82110338167      000                        1421260906                              300906000000000860023716956000000000000270663101270906              0000000000000000000000000000000000000000000000008600000000000000000000000000001270906                         0000000000000000000000000                                             000009
102021974950001161584870000003760                             82110338175      000                        1421260906                              300906000000000860023716956000000000000270663101270906              0000000000000000000000000000000000000000000000008600000000000000000000000000001270906                         0000000000000000000000000                                             000010
102021974950001161584870000003760                             82110408165      000                        1421260906                              250906000000000750010408125000000000000125647101270906              0000000000000000000000000000000000000000000000007657000000000015700000000000001270906                         0000000000000000000000000                                             000011
102021974950001161584870000003760                             82110408173      000                        1421260906                              250906000000000750010408125000000000000125647101270906              0000000000000000000000000000000000000000000000007657000000000015700000000000001270906                         0000000000000000000000000                                             000012
9201104                                                                                                                                                                                                                                                                                                                                                                                                   000013
