02RETORNO01COBRANCA       1584870000003760    IPAD                          104C ECON FEDERAL 251006                                                                                                                                                                                                                                                                                                 00316000001
102021974950001161584870000003760                             82030430172      000                        1421251006                              101006000000000760010407757000000000000125647101261006              0000000000000000000000000000000000000000000000007857000000000025700000000000001261006                         0000000000000000000000000                                             000002
102021974950001161584870000003760                             82030433163      000                        1421251006                              100906000000000760010407757000000000000125647101261006              0000000000000000000000000000000000000000000000008094000000000049400000000000001261006                         0000000000000000000000000                                             000003
102021974950001161584870000003760                             82030433171      000                        1421251006                              101006000000000760010407757000000000000125647101261006              0000000000000000000000000000000000000000000000007866000000000026600000000000001261006                         0000000000000000000000000                                             000004
102021974950001161584870000003760                             82060613160      000                        1421251006                              150906000000000750010412424000000000000125647101261006              0000000000000000000000000000000000000000000000007930000000000043000000000000001261006                         0000000000000000000000000                                             000005
102021974950001161584870000003760                             82060617165      000                        1421251006                              150906000000000750010412424000000000000125647101261006              0000000000000000000000000000000000000000000000007930000000000043000000000000001261006                         0000000000000000000000000                                             000006
102021974950001161584870000003760                             82060617173      000                        1421251006                              151006000000000750010412424000000000000125647101261006              0000000000000000000000000000000000000000000000007720000000000022000000000000001261006                         0000000000000000000000000                                             000007
102021974950001161584870000003760                             82070627155      000                        1421251006                              251006000000000760035610306000000000000270663101261006              0000000000000000000000000000000000000000000000007600000000000000000000000000001261006                         0000000000000000000000000                                             000008
102021974950001161584870000003760                             82070627163      000                        1421251006                              201106000000000760035610306000000000000270663101261006              0000000000000000000000000000000000000000000000007600000000000000000000000000001261006                         0000000000000000000000000                                             000009
102021974950001161584870000003760                             82070709135      000                        1421251006                              200906000000000760010405592000000000000125647101261006              0000000000000000000000000000000000000000000000008018000000000041800000000000001261006                         0000000000000000000000000                                             000010
102021974950001161584870000003760                             82130203135      000                        1421251006                              300706000000000860010409148000000000000125647101261006              0000000000000000000000000000000000000000000000009520000000000092000000000000001261006                         0000000000000000000000000                                             000011
102021974950001161584870000003760                             82130203143      000                        1421251006                              300706000000000860010409148000000000000125647101261006              0000000000000000000000000000000000000000000000009520000000000092000000000000001261006                         0000000000000000000000000                                             000012
9201104                                                                                                                                                                                                                                                                                                                                                                                                   000013
