02RETORNO01COBRANCA       1584870000003760    IPAD                          104C ECON FEDERAL 261205                                                                                                                                                                                                                                                                                                 00108000001
102021974950001161584870000003760                             82010101130      000                        1421261205                              100106000000000375010414338000000000000125647101271205              0000000000000000000000000000000000000000000000003750000000000000000000000000001271205                         0000000000000000000000000                                             000002
102021974950001161584870000003760                             82010136139      000                        1421261205                              100106000000000375010414338000000000000125647101271205              0000000000000000000000000000000000000000000000003750000000000000000000000000001271205                         0000000000000000000000000                                             000003
102021974950001161584870000003760                             82010223139      000                        1421261205                              100106000000000420010414338000000000000125647101271205              0000000000000000000000000000000000000000000000004200000000000000000000000000001271205                         0000000000000000000000000                                             000004
102021974950001161584870000003760                             82040228147      000                        1421261205                              100106000000000430010400523000000000000125647101271205              0000000000000000000000000000000000000000000000004300000000000000000000000000001271205                         0000000000000000000000000                                             000005
102021974950001161584870000003760                             82040317140      000                        1421261205                              100106000000000360006500016000000000000270663101271205              0000000000000000000000000000000000000000000000003600000000000000000000000000001271205                         0000000000000000000000000                                             000006
102021974950001161584870000003760                             82040332149      000                        1421261205                              100106000000000360006500016000000000000270663101271205              0000000000000000000000000000000000000000000000003600000000000000000000000000001271205                         0000000000000000000000000                                             000007
102021974950001161584870000003760                             82040521146      000                        1421261205                              100106000000000860010400523000000000000125647101271205              0000000000000000000000000000000000000000000000008600000000000000000000000000001271205                         0000000000000000000000000                                             000008
102021974950001161584870000003760                             82040603142      000                        1421261205                              100106000000000360010400523000000000000125647101271205              0000000000000000000000000000000000000000000000003600000000000000000000000000001271205                         0000000000000000000000000                                             000009
102021974950001161584870000003760                             82050328136      000                        1421261205                              101205000000000860010427782000000000000125647101271205              0000000000000000000000000000000000000000000000008910000000000031000000000000001271205                         0000000000000000000000000                                             000010
102021974950001161584870000003760                             82060106152      000                        1421261205                              150106000000000860023719046000000000000270663101271205              0000000000000000000000000000000000000000000000008600000000000000000000000000001271205                         0000000000000000000000000                                             000011
102021974950001161584870000003760                             82060141144      000                        1421261205                              151205000000000860010430171000000000000240655100261205              0000000000000000000000000000000000000000000000008866000000000026600000000000001261205                         0000000000000000000000000                                             000012
102021974950001161584870000003760                             82060145140      000                        1421261205                              151205000000000860010430171000000000000125647101271205              0000000000000000000000000000000000000000000000008866000000000026600000000000001271205                         0000000000000000000000000                                             000013
102021974950001161584870000003760                             82060218120      000                        1421261205                              101205000000000860010421911000000000000125647101271205              0000000000000000000000000000000000000000000000008820000000000022000000000000001271205                         0000000000000000000000000                                             000014
102021974950001161584870000003760                             82060312127      000                        1421261205                              151205000000000860010408761000000000000125647101271205              0000000000000000000000000000000000000000000000008867000000000026700000000000001271205                         0000000000000000000000000                                             000015
102021974950001161584870000003760                             82090303134      000                        1421261205                              101205000000000750010407749000000000000125647101271205              0000000000000000000000000000000000000000000000007662000000000016200000000000001271205                         0000000000000000000000000                                             000016
102021974950001161584870000003760                             82090721130      000                        1421261205                              101205000000000750010408770000000000000125647101271205              0000000000000000000000000000000000000000000000007748000000000024800000000000001271205                         0000000000000000000000000                                             000017
102021974950001161584870000003760                             82090912122      000                        1421261205                              101105000000000750010408770000000000000125647101271205              0000000000000000000000000000000000000000000000007890000000000039000000000000001271205                         0000000000000000000000000                                             000018
102021974950001161584870000003760                             82090929149      000                        1421261205                              100106000000000375006500016000000000000270663101271205              0000000000000000000000000000000000000000000000003750000000000000000000000000001271205                         0000000000000000000000000                                             000019
102021974950001161584870000003760                             82091031138      000                        1421261205                              101205000000000750010408770000000000000125647101271205              0000000000000000000000000000000000000000000000007762000000000026200000000000001271205                         0000000000000000000000000                                             000020
102021974950001161584870000003760                             82091209131      000                        1421261205                              101205000000000750010400540000000000000125647101271205              0000000000000000000000000000000000000000000000007762000000000026200000000000001271205                         0000000000000000000000000                                             000021
102021974950001161584870000003760                             82091221140      000                        1421261205                              100106000000000750010400540000000000000125647101271205              0000000000000000000000000000000000000000000000007500000000000000000000000000001271205                         0000000000000000000000000                                             000022
102021974950001161584870000003760                             82110333122      000                        1421261205                              101205000000000860010407765000000000000240655100261205              0000000000000000000000000000000000000000000000008788000000000018800000000000001261205                         0000000000000000000000000                                             000023
102021974950001161584870000003760                             82130115155      000                        1421261205                              100106000000000860010409148000000000000125647101271205              0000000000000000000000000000000000000000000000008600000000000000000000000000001271205                         0000000000000000000000000                                             000024
9201104                                                                                                                                                                                                                                                                                                                                                                                                   000025
