02RETORNO01COBRANCA       1584870000003760    IPAD                          104C ECON FEDERAL 261006                                                                                                                                                                                                                                                                                                 00317000001
102021974950001161584870000003760                             82030223150      000                        1421261006                              101006000000000760010409156000000000000125647101271006              0000000000000000000000000000000000000000000000007864000000000026400000000000001271006                         0000000000000000000000000                                             000002
102021974950001161584870000003760                             82060716171      000                        1421261006                              151006000000000860010400450000000000000125647101271006              0000000000000000000000000000000000000000000000008867000000000026700000000000001271006                         0000000000000000000000000                                             000003
102021974950001161584870000003760                             82060718131      000                        1421261006                              150606000000000860010400469000000000000125647101271006              0000000000000000000000000000000000000000000000009940000000000134000000000000001271006                         0000000000000000000000000                                             000004
102021974950001161584870000003760                             82060718140      000                        1421261006                              150706000000000860010400469000000000000125647101271006              0000000000000000000000000000000000000000000000009680000000000108000000000000001271006                         0000000000000000000000000                                             000005
102021974950001161584870000003760                             82070624148      000                        1421261006                              210806000000000760010405592000000000000125647101271006              0000000000000000000000000000000000000000000000007768000000000016800000000000001271006                         0000000000000000000000000                                             000006
102021974950001161584870000003760                             82070718142      000                        1421261006                              201006000000000760010412947000000000000125647101271006              0000000000000000000000000000000000000000000000007798000000000019800000000000001271006                         0000000000000000000000000                                             000007
9201104                                                                                                                                                                                                                                                                                                                                                                                                   000008
