02RETORNO01COBRANCA       1584870000003760    IPAD                          104C ECON FEDERAL 260207                                                                                                                                                                                                                                                                                                 00396000001
102021974950001161584870000003760                             82030420142      000                        1421260207                              280207000000000760000121256000000000000270663101270207              0000000000000000000000000000000000000000000000007600000000000000000000000000001270207                         0000000000000000000000000                                             000002
102021974950001161584870000003760                             82030420150      000                        1421260207                              280207000000000760000121256000000000000270663101270207              0000000000000000000000000000000000000000000000007600000000000000000000000000001270207                         0000000000000000000000000                                             000003
102021974950001161584870000003760                             82030420169      000                        1421260207                              280207000000000760000121256000000000000270663101270207              0000000000000000000000000000000000000000000000007600000000000000000000000000001270207                         0000000000000000000000000                                             000004
102021974950001161584870000003760                             82030420177      000                        1421260207                              280207000000000760000121256000000000000270663101270207              0000000000000000000000000000000000000000000000007600000000000000000000000000001270207                         0000000000000000000000000                                             000005
102021974950001161584870000003760                             82031108142      000                        1421260207                              100207000000000760010424465000000000000125647101270207              0000000000000000000000000000000000000000000000007864000000000026400000000000001270207                         0000000000000000000000000                                             000006
102021974950001161584870000003760                             82031129140      000                        1421260207                              100207000000000760010424465000000000000125647101270207              0000000000000000000000000000000000000000000000007864000000000026400000000000001270207                         0000000000000000000000000                                             000007
102021974950001161584870000003760                             82050314151      000                        1421260207                              250107000000000860010427782000000000000125647101270207              0000000000000000000000000000000000000000000000009030000000000043000000000000001270207                         0000000000000000000000000                                             000008
102021974950001161584870000003760                             82050314178      000                        1421260207                              250107000000000860010427782000000000000125647101270207              0000000000000000000000000000000000000000000000009030000000000043000000000000001270207                         0000000000000000000000000                                             000009
102021974950001161584870000003760                             82061018117      000                        1421260207                              280207000000000380010400540000000000000125647101270207              0000000000000000000000000000000000000000000000003800000000000000000000000000001270207                         0000000000000000000000000                                             000010
102021974950001161584870000003760                             82071325152      000                        1421260207                              100307000000000760039928996000000000000270663101270207              0000000000000000000000000000000000000000000000007600000000000000000000000000001270207                         0000000000000000000000000                                             000011
102021974950001161584870000003760                             82071420120      000                        1421260207                              310107000000000760010421245000000000000125647101270207              0000000000000000000000000000000000000000000000007753000000000015300000000000001270207                         0000000000000000000000000                                             000012
102021974950001161584870000003760                             82110627150      000                        1421260207                              200207000000000750010407765000000000000125647101270207              0000000000000000000000000000000000000000000000007650000000000015000000000000001270207                         0000000000000000000000000                                             000013
102021974950001161584870000003760                             82110729123      000                        1421260207                              220207000000000750010407765000000000000125647101270207              0000000000000000000000000000000000000000000000007650000000000015000000000000001270207                         0000000000000000000000000                                             000014
9201104                                                                                                                                                                                                                                                                                                                                                                                                   000015
