02RETORNO01COBRANCA       1584870000003760    IPAD                          104C ECON FEDERAL 260406                                                                                                                                                                                                                                                                                                 00190000001
102021974950001161584870000003760                             82000035100      000                        1421260406                              100306000000000750010407765000000000000125647101270406              0000000000000000000000000000000000000000000000007972000000000047200000000000001270406                         0000000000000000000000000                                             000002
102021974950001161584870000003760                             82000040422      000                        1421260406                              000000000000000760007347476000000000000270663101270406              0000000000000000000000000000000000000000000000007600000000000000000000000000001270406                         0000000000000000000000000                                             000003
102021974950001161584870000003760                             82000040600      000                        1421260406                              000000000000000760007347476000000000000270663101270406              0000000000000000000000000000000000000000000000007600000000000000000000000000001270406                         0000000000000000000000000                                             000004
102021974950001161584870000003760                             82000040619      000                        1421260406                              000000000000000760007347476000000000000270663101270406              0000000000000000000000000000000000000000000000007600000000000000000000000000001270406                         0000000000000000000000000                                             000005
102021974950001161584870000003760                             82010138166      000                        1421260406                              270406000000002625000105706000000000000270663101270406              0000000000000000000000000000000000000000000000026250000000000000000000000000001270406                         0000000000000000000000000                                             000006
102021974950001161584870000003760                             82040504160      000                        1421260406                              100306000000000860010400523000000000000240655100260406              0000000000000000000000000000000000000000000000008819000000000021900000000000001260406                         0000000000000000000000000                                             000007
102021974950001161584870000003760                             82040504179      000                        1421260406                              100406000000000860010400523000000000000125647101270406              0000000000000000000000000000000000000000000000008909000000000030900000000000001270406                         0000000000000000000000000                                             000008
102021974950001161584870000003760                             82040617151      000                        1421260406                              100206000000000860010407730000000000000125647101270406              0000000000000000000000000000000000000000000000009425000000000082500000000000001270406                         0000000000000000000000000                                             000009
102021974950001161584870000003760                             82040617160      000                        1421260406                              100306000000000860010407730000000000000125647101270406              0000000000000000000000000000000000000000000000009167000000000056700000000000001270406                         0000000000000000000000000                                             000010
102021974950001161584870000003760                             82070213172      000                        1421260406                              100406000000000860010410308000000000000125647101270406              0000000000000000000000000000000000000000000000008909000000000030900000000000001270406                         0000000000000000000000000                                             000011
102021974950001161584870000003760                             82070506161      000                        1421260406                              150306000000000860010400450000000000000240655100260406              0000000000000000000000000000000000000000000000009108000000000050800000000000001260406                         0000000000000000000000000                                             000012
102021974950001161584870000003760                             82090234159      000                        1421260406                              300406000000000750010400540000000000000125647101270406              0000000000000000000000000000000000000000000000007500000000000000000000000000001270406                         0000000000000000000000000                                             000013
102021974950001161584870000003760                             82090234167      000                        1421260406                              100506000000000750010400540000000000000125647101270406              0000000000000000000000000000000000000000000000007500000000000000000000000000001270406                         0000000000000000000000000                                             000014
102021974950001161584870000003760                             82090234175      000                        1421260406                              300506000000000750010400540000000000000125647101270406              0000000000000000000000000000000000000000000000007500000000000000000000000000001270406                         0000000000000000000000000                                             000015
102021974950001161584870000003760                             82090318166      000                        1421260406                              100306000000000750010407749000000000000125647101270406              0000000000000000000000000000000000000000000000007685000000000018500000000000001270406                         0000000000000000000000000                                             000016
102021974950001161584870000003760                             82090903166      000                        1421260406                              100306000000000750010408770000000000000240655100260406              0000000000000000000000000000000000000000000000008003000000000050300000000000001260406                         0000000000000000000000000                                             000017
102021974950001161584870000003760                             82091025170      000                        1421260406                              100406000000000750010408770000000000000125647101270406              0000000000000000000000000000000000000000000000007700000000000020000000000000001270406                         0000000000000000000000000                                             000018
102021974950001161584870000003760                             82120113176      000                        1421260406                              100406000000000650010421245000000000000125647101270406              0000000000000000000000000000000000000000000000006726000000000022600000000000001270406                         0000000000000000000000000                                             000019
9201104                                                                                                                                                                                                                                                                                                                                                                                                   000020
