02RETORNO01COBRANCA       1584870000003760    IPAD                          104C ECON FEDERAL 271106                                                                                                                                                                                                                                                                                                 00337000001
102021974950001161584870000003760                             82030306170      000                        1421271106                              300906000000000860010409156000000000000125647101281106              0000000000000000000000000000000000000000000000009220000000000062000000000000001281106                         0000000000000000000000000                                             000002
102021974950001161584870000003760                             82060626172      000                        1421271106                              151106000000000750010412424000000000000240655100271106              0000000000000000000000000000000000000000000000007727000000000022700000000000001271106                         0000000000000000000000000                                             000003
102021974950001161584870000003760                             82070619160      000                        1421271106                              201106000000000760010405592000000000000125647101281106              0000000000000000000000000000000000000000000000007790000000000019000000000000001281106                         0000000000000000000000000                                             000004
102021974950001161584870000003760                             82070724150      000                        1421271106                              201106000000000760010415806000000000000125647101281106              0000000000000000000000000000000000000000000000007792000000000019200000000000001281106                         0000000000000000000000000                                             000005
102021974950001161584870000003760                             82071407116      000                        1421271106                              101106000000000760010421245000000000000240655100271106              0000000000000000000000000000000000000000000000007871000000000027100000000000001271106                         0000000000000000000000000                                             000006
102021974950001161584870000003760                             82091119167      000                        1421271106                              300806000000000750010400540000000000000125647101281106              0000000000000000000000000000000000000000000000008273000000000077300000000000001281106                         0000000000000000000000000                                             000007
102021974950001161584870000003760                             82091119175      000                        1421271106                              300806000000000750010400540000000000000125647101281106              0000000000000000000000000000000000000000000000008273000000000077300000000000001281106                         0000000000000000000000000                                             000008
102021974950001161584870000003760                             82110813167      000                        1421271106                              201106000000000750010407765000000000000125647101281106              0000000000000000000000000000000000000000000000007680000000000018000000000000001281106                         0000000000000000000000000                                             000009
9201104                                                                                                                                                                                                                                                                                                                                                                                                   000010
