02RETORNO01COBRANCA       1584870000003760    IPAD                          104C ECON FEDERAL 271006                                                                                                                                                                                                                                                                                                 00318000001
102021974950001161584870000003760                             82030315179      000                        1421271006                              300906000000000860010409156000000000000125647101301006              0000000000000000000000000000000000000000000000008988000000000038800000000000001301006                         0000000000000000000000000                                             000002
102021974950001161584870000003760                             82030801138      000                        1421271006                              151006000000000760010409156000000000000125647101301006              0000000000000000000000000000000000000000000000007843000000000024300000000000001301006                         0000000000000000000000000                                             000003
102021974950001161584870000003760                             82030812130      000                        1421271006                              151006000000000760010409156000000000000125647101301006              0000000000000000000000000000000000000000000000007843000000000024300000000000001301006                         0000000000000000000000000                                             000004
102021974950001161584870000003760                             82030927140      000                        1421271006                              101006000000000760010407757000000000000125647101301006              0000000000000000000000000000000000000000000000007881000000000028100000000000001301006                         0000000000000000000000000                                             000005
102021974950001161584870000003760                             82060719170      000                        1421271006                              151006000000000860010410286000000000000125647101301006              0000000000000000000000000000000000000000000000008875000000000027500000000000001301006                         0000000000000000000000000                                             000006
102021974950001161584870000003760                             82071208130      000                        1421271006                              100906000000000760010406513000000000000125647101301006              0000000000000000000000000000000000000000000000008088000000000048800000000000001301006                         0000000000000000000000000                                             000007
9201104                                                                                                                                                                                                                                                                                                                                                                                                   000008
