02RETORNO01COBRANCA       1584870000003760    IPAD                          104C ECON FEDERAL 270406                                                                                                                                                                                                                                                                                                 00191000001
102021974950001161584870000003760                             82000039033      000                        1421270406                              000000000000000760010415849000000000000240655100270406              0000000000000000000000000000000000000000000000007600000000000000000000000000001270406                         0000000000000000000000000                                             000002
102021974950001161584870000003760                             82000040473      000                        1421270406                              000000000000000760000121336000000000000270663101280406              0000000000000000000000000000000000000000000000007600000000000000000000000000001280406                         0000000000000000000000000                                             000003
102021974950001161584870000003760                             82000040511      000                        1421270406                              000000000000000760000121336000000000000270663101280406              0000000000000000000000000000000000000000000000007600000000000000000000000000001280406                         0000000000000000000000000                                             000004
102021974950001161584870000003760                             82000040694      000                        1421270406                              000000000000000760000121336000000000000270663101280406              0000000000000000000000000000000000000000000000007600000000000000000000000000001280406                         0000000000000000000000000                                             000005
102021974950001161584870000003760                             82000042301      000                        1421270406                              000000000000000675006500016000000000000270663101280406              0000000000000000000000000000000000000000000000006750000000000000000000000000001280406                         0000000000000000000000000                                             000006
102021974950001161584870000003760                             82030407111      000                        1421270406                              100406000000000760010407757000000000000125647101280406              0000000000000000000000000000000000000000000000007871000000000027100000000000001280406                         0000000000000000000000000                                             000007
102021974950001161584870000003760                             82040636164      000                        1421270406                              100306000000000860010407730000000000000125647101280406              0000000000000000000000000000000000000000000000009176000000000057600000000000001280406                         0000000000000000000000000                                             000008
102021974950001161584870000003760                             82050309174      000                        1421270406                              100406000000000860010427782000000000000125647101280406              0000000000000000000000000000000000000000000000008918000000000031800000000000001280406                         0000000000000000000000000                                             000009
102021974950001161584870000003760                             82060224171      000                        1421270406                              100506000000000860006500016000000000000270663101280406              0000000000000000000000000000000000000000000000008600000000000000000000000000001280406                         0000000000000000000000000                                             000010
102021974950001161584870000003760                             82070208160      000                        1421270406                              100306000000000860010410308000000000000125647101280406              0000000000000000000000000000000000000000000000009185000000000058500000000000001280406                         0000000000000000000000000                                             000011
102021974950001161584870000003760                             82070208179      000                        1421270406                              100406000000000860010410308000000000000125647101280406              0000000000000000000000000000000000000000000000008918000000000031800000000000001280406                         0000000000000000000000000                                             000012
102021974950001161584870000003760                             82070305158      000                        1421270406                              150206000000000860010409172000000000000240655100270406              0000000000000000000000000000000000000000000000009391000000000079100000000000001270406                         0000000000000000000000000                                             000013
102021974950001161584870000003760                             82070411179      000                        1421270406                              150406000000000860010400469000000000000125647101280406              0000000000000000000000000000000000000000000000008875000000000027500000000000001280406                         0000000000000000000000000                                             000014
102021974950001161584870000003760                             82070520172      000                        1421270406                              150406000000000860010412947000000000000125647101280406              0000000000000000000000000000000000000000000000008868000000000026800000000000001280406                         0000000000000000000000000                                             000015
102021974950001161584870000003760                             82090211140      000                        1421270406                              100406000000000750010400540000000000000125647101280406              0000000000000000000000000000000000000000000000007650000000000015000000000000001280406                         0000000000000000000000000                                             000016
102021974950001161584870000003760                             82090317178      000                        1421270406                              100406000000000750010407749000000000000125647101280406              0000000000000000000000000000000000000000000000007663000000000016300000000000001280406                         0000000000000000000000000                                             000017
102021974950001161584870000003760                             82090402175      000                        1421270406                              100406000000000750010400540000000000000125647101280406              0000000000000000000000000000000000000000000000007725000000000022500000000000001280406                         0000000000000000000000000                                             000018
102021974950001161584870000003760                             82090611149      000                        1421270406                              100506000000000375010408770000000000000125647101280406              0000000000000000000000000000000000000000000000003750000000000000000000000000001280406                         0000000000000000000000000                                             000019
102021974950001161584870000003760                             82090615144      000                        1421270406                              300406000000000375010408770000000000000125647101280406              0000000000000000000000000000000000000000000000003750000000000000000000000000001280406                         0000000000000000000000000                                             000020
102021974950001161584870000003760                             82110212171      000                        1421270406                              100506000000000450010407765000000000000125620101280406              0000000000000000000000000000000000000000000000004500000000000000000000000000001280406                         0000000000000000000000000                                             000021
102021974950001161584870000003760                             82110410160      000                        1421270406                              200406000000000750010408125000000000000125647101280406              0000000000000000000000000000000000000000000000007500000000000000000000000000001280406                         0000000000000000000000000                                             000022
9201104                                                                                                                                                                                                                                                                                                                                                                                                   000023
