02RETORNO01COBRANCA       1584870000003760    IPAD                          104C ECON FEDERAL 270606                                                                                                                                                                                                                                                                                                 00232000001
102021974950001161584870000003760                             82030309136      000                        1421270606                              300506000000000860010409156000000000000125647101280606              0000000000000000000000000000000000000000000000009011000000000041100000000000001280606                         0000000000000000000000000                                             000002
102021974950001161584870000003760                             82040532164      000                        1421270606                              100506000000000860010400523000000000000240655100270606              0000000000000000000000000000000000000000000000009156000000000055600000000000001270606                         0000000000000000000000000                                             000003
102021974950001161584870000003760                             82040532172      000                        1421270606                              100506000000000860010400523000000000000240655100270606              0000000000000000000000000000000000000000000000009156000000000055600000000000001270606                         0000000000000000000000000                                             000004
102021974950001161584870000003760                             82060721124      000                        1421270606                              150606000000000860010406483000000000000125647101280606              0000000000000000000000000000000000000000000000008875000000000027500000000000001280606                         0000000000000000000000000                                             000005
102021974950001161584870000003760                             82090112169      000                        1421270606                              100406000000000750010400540000000000000125647101280606              0000000000000000000000000000000000000000000000008196000000000069600000000000001280606                         0000000000000000000000000                                             000006
102021974950001161584870000003760                             82110327165      000                        1421270606                              100406000000000860010407765000000000000125647101280606              0000000000000000000000000000000000000000000000008600000000000000000000000000001280606                         0000000000000000000000000                                             000007
102021974950001161584870000003760                             82110337179      000                        1421270606                              100606000000000860010407765000000000000125647101280606              0000000000000000000000000000000000000000000000008600000000000000000000000000001280606                         0000000000000000000000000                                             000008
102021974950001161584870000003760                             82110417156      000                        1421270606                              200306000000000750010408125000000000000125647101280606              0000000000000000000000000000000000000000000000008343000000000084300000000000001280606                         0000000000000000000000000                                             000009
102021974950001161584870000003760                             82110417164      000                        1421270606                              200406000000000750010408125000000000000125647101280606              0000000000000000000000000000000000000000000000008133000000000063300000000000001280606                         0000000000000000000000000                                             000010
102021974950001161584870000003760                             82110627134      000                        1421270606                              200606000000000750010407765000000000000125647101280606              0000000000000000000000000000000000000000000000007706000000000020600000000000001280606                         0000000000000000000000000                                             000011
102021974950001161584870000003760                             82110808139      000                        1421270606                              200606000000000750010407765000000000000125647101280606              0000000000000000000000000000000000000000000000007706000000000020600000000000001280606                         0000000000000000000000000                                             000012
102021974950001161584870000003760                             82110813132      000                        1421270606                              200606000000000750010407765000000000000125647101280606              0000000000000000000000000000000000000000000000007706000000000020600000000000001280606                         0000000000000000000000000                                             000013
9201104                                                                                                                                                                                                                                                                                                                                                                                                   000014
