02RETORNO01COBRANCA       1584870000003760    IPAD                          104C ECON FEDERAL 250806                                                                                                                                                                                                                                                                                                 00275000001
102021974950001161584870000003760                             82000043545      000                        1421250806                              000000000000000760010409148000000000000125647101280806              0000000000000000000000000000000000000000000000007600000000000000000000000000001280806                         0000000000000000000000000                                             000002
102021974950001161584870000003760                             82000048067      000                        1421250806                              000000000000000760010424465000000000000125647101280806              0000000000000000000000000000000000000000000000007600000000000000000000000000001280806                         0000000000000000000000000                                             000003
102021974950001161584870000003760                             82000048075      000                        1421250806                              000000000000000760010424465000000000000125647101280806              0000000000000000000000000000000000000000000000007600000000000000000000000000001280806                         0000000000000000000000000                                             000004
102021974950001161584870000003760                             82000048083      000                        1421250806                              000000000000000760010424465000000000000125647101280806              0000000000000000000000000000000000000000000000007600000000000000000000000000001280806                         0000000000000000000000000                                             000005
102021974950001161584870000003760                             82030426140      000                        1421250806                              100706000000000760010407757000000000000125647101280806              0000000000000000000000000000000000000000000000008067000000000046700000000000001280806                         0000000000000000000000000                                             000006
102021974950001161584870000003760                             82030429166      000                        1421250806                              100906000000000760000121256000000000000270663101280806              0000000000000000000000000000000000000000000000007600000000000000000000000000001280806                         0000000000000000000000000                                             000007
102021974950001161584870000003760                             82060320170      000                        1421250806                              150506000000000860010408761000000000000240655100250806              0000000000000000000000000000000000000000000000009460000000000086000000000000001250806                         0000000000000000000000000                                             000008
102021974950001161584870000003760                             82071208113      000                        1421250806                              100706000000000760010410308000000000000125647101280806              0000000000000000000000000000000000000000000000008101000000000050100000000000001280806                         0000000000000000000000000                                             000009
102021974950001161584870000003760                             82071208121      000                        1421250806                              100806000000000760010410308000000000000125647101280806              0000000000000000000000000000000000000000000000007866000000000026600000000000001280806                         0000000000000000000000000                                             000010
102021974950001161584870000003760                             82071218127      000                        1421250806                              100806000000000760010400485000000000000125647101280806              0000000000000000000000000000000000000000000000007857000000000025700000000000001280806                         0000000000000000000000000                                             000011
102021974950001161584870000003760                             82071223139      000                        1421250806                              100906000000000760010409237000000000000125647101280806              0000000000000000000000000000000000000000000000007600000000000000000000000000001280806                         0000000000000000000000000                                             000012
102021974950001161584870000003760                             82090518157      000                        1421250806                              300806000000000375010408770000000000000240655100250806              0000000000000000000000000000000000000000000000003750000000000000000000000000001250806                         0000000000000000000000000                                             000013
102021974950001161584870000003760                             82090518165      000                        1421250806                              300806000000000375010408770000000000000240655100250806              0000000000000000000000000000000000000000000000003750000000000000000000000000001250806                         0000000000000000000000000                                             000014
102021974950001161584870000003760                             82090518173      000                        1421250806                              300806000000000375010408770000000000000240655100250806              0000000000000000000000000000000000000000000000003750000000000000000000000000001250806                         0000000000000000000000000                                             000015
102021974950001161584870000003760                             82090717133      000                        1421250806                              310806000000000750010408770000000000000125647101280806              0000000000000000000000000000000000000000000000007500000000000000000000000000001280806                         0000000000000000000000000                                             000016
102021974950001161584870000003760                             82090717141      000                        1421250806                              310806000000000750010408770000000000000125647101280806              0000000000000000000000000000000000000000000000007500000000000000000000000000001280806                         0000000000000000000000000                                             000017
102021974950001161584870000003760                             82090717150      000                        1421250806                              310806000000000750010408770000000000000125647101280806              0000000000000000000000000000000000000000000000007500000000000000000000000000001280806                         0000000000000000000000000                                             000018
102021974950001161584870000003760                             82110701148      000                        1421250806                              250706000000000750010407765000000000000125647101280806              0000000000000000000000000000000000000000000000007890000000000039000000000000001280806                         0000000000000000000000000                                             000019
9201104                                                                                                                                                                                                                                                                                                                                                                                                   000020
