02RETORNO01COBRANCA       1584870000003760    IPAD                          104C ECON FEDERAL 280806                                                                                                                                                                                                                                                                                                 00276000001
102021974950001161584870000003760                             82000048091      000                        1421280806                              000000000000000760010424465000000000000125647101290806              0000000000000000000000000000000000000000000000007600000000000000000000000000001290806                         0000000000000000000000000                                             000002
102021974950001161584870000003760                             82000048466      000                        1421280806                              000000000000000760010400523000000000000125647101290806              0000000000000000000000000000000000000000000000007600000000000000000000000000001290806                         0000000000000000000000000                                             000003
102021974950001161584870000003760                             82030306153      000                        1421280806                              300706000000000860010409156000000000000125647101290806              0000000000000000000000000000000000000000000000009004000000000040400000000000001290806                         0000000000000000000000000                                             000004
102021974950001161584870000003760                             82030314156      000                        1421280806                              300706000000000860010409156000000000000125647101290806              0000000000000000000000000000000000000000000000009004000000000040400000000000001290806                         0000000000000000000000000                                             000005
102021974950001161584870000003760                             82030316159      000                        1421280806                              100906000000000860006500016000000000000270663101290806              0000000000000000000000000000000000000000000000008600000000000000000000000000001290806                         0000000000000000000000000                                             000006
102021974950001161584870000003760                             82030324160      000                        1421280806                              300806000000000860010409156000000000000125647101290806              0000000000000000000000000000000000000000000000008600000000000000000000000000001290806                         0000000000000000000000000                                             000007
102021974950001161584870000003760                             82030327169      000                        1421280806                              300806000000000860010409156000000000000125647101290806              0000000000000000000000000000000000000000000000008600000000000000000000000000001290806                         0000000000000000000000000                                             000008
102021974950001161584870000003760                             82030328165      000                        1421280806                              300806000000000860006500016000000000000270663101290806              0000000000000000000000000000000000000000000000008600000000000000000000000000001290806                         0000000000000000000000000                                             000009
102021974950001161584870000003760                             82030413154      000                        1421280806                              100806000000000760010407757000000000000125647101290806              0000000000000000000000000000000000000000000000007864000000000026400000000000001290806                         0000000000000000000000000                                             000010
102021974950001161584870000003760                             82030926127      000                        1421280806                              100806000000000760010407757000000000000125647101290806              0000000000000000000000000000000000000000000000007896000000000029600000000000001290806                         0000000000000000000000000                                             000011
102021974950001161584870000003760                             82060415120      000                        1421280806                              100806000000000760010408761000000000000240655100280806              0000000000000000000000000000000000000000000000007903000000000030300000000000001280806                         0000000000000000000000000                                             000012
102021974950001161584870000003760                             82060516121      000                        1421280806                              100806000000000760010421938000000000000125647101290806              0000000000000000000000000000000000000000000000007878000000000027800000000000001290806                         0000000000000000000000000                                             000013
102021974950001161584870000003760                             82060926117      000                        1421280806                              100706000000000760010400477000000000000125647101290806              0000000000000000000000000000000000000000000000008124000000000052400000000000001290806                         0000000000000000000000000                                             000014
102021974950001161584870000003760                             82071225123      000                        1421280806                              100806000000000760010400450000000000000240655100280806              0000000000000000000000000000000000000000000000007888000000000028800000000000001280806                         0000000000000000000000000                                             000015
102021974950001161584870000003760                             82091121153      000                        1421280806                              300806000000000750000112646000000000000270663101290806              0000000000000000000000000000000000000000000000007500000000000000000000000000001290806                         0000000000000000000000000                                             000016
102021974950001161584870000003760                             82110626154      000                        1421280806                              200806000000000750010407765000000000000125647101290806              0000000000000000000000000000000000000000000000007698000000000019800000000000001290806                         0000000000000000000000000                                             000017
9201104                                                                                                                                                                                                                                                                                                                                                                                                   000018
