02RETORNO01COBRANCA       1584870000003760    IPAD                          104C ECON FEDERAL 280906                                                                                                                                                                                                                                                                                                 00298000001
102021974950001161584870000003760                             82000048865      000                        1421280906                              000000000000000760010407765000000000000125647101290906              0000000000000000000000000000000000000000000000007600000000000000000000000000001290906                         0000000000000000000000000                                             000002
102021974950001161584870000003760                             82030328173      000                        1421280906                              300906000000000860006500016000000000000270663101290906              0000000000000000000000000000000000000000000000008600000000000000000000000000001290906                         0000000000000000000000000                                             000003
102021974950001161584870000003760                             82030702121      000                        1421280906                              100906000000000760010409148000000000000125647101290906              0000000000000000000000000000000000000000000000007888000000000028800000000000001290906                         0000000000000000000000000                                             000004
102021974950001161584870000003760                             82060713164      000                        1421280906                              150906000000000860010400469000000000000125647101290906              0000000000000000000000000000000000000000000000008876000000000027600000000000001290906                         0000000000000000000000000                                             000005
102021974950001161584870000003760                             82090223173      000                        1421280906                              290906000000000750010400540000000000000125647101290906              0000000000000000000000000000000000000000000000007500000000000000000000000000001290906                         0000000000000000000000000                                             000006
9201104                                                                                                                                                                                                                                                                                                                                                                                                   000007
