02RETORNO01COBRANCA       1584870000003760    IPAD                          104C ECON FEDERAL 270106                                                                                                                                                                                                                                                                                                 00131000001
102021974950001161584870000003760                             82050122147      000                        1421270106                              100106000000000400010400531000000000000125647101300106              0000000000000000000000000000000000000000000000004148000000000014800000000000001300106                         0000000000000000000000000                                             000002
102021974950001161584870000003760                             82050302137      000                        1421270106                              101205000000000860010427782000000000000125647101300106              0000000000000000000000000000000000000000000000008918000000000031800000000000001300106                         0000000000000000000000000                                             000003
102021974950001161584870000003760                             82060106160      000                        1421270106                              150206000000000860023719046000000000000270663101300106              0000000000000000000000000000000000000000000000008600000000000000000000000000001300106                         0000000000000000000000000                                             000004
102021974950001161584870000003760                             82070122134      000                        1421270106                              101205000000000860010406483000000000000125647101300106              0000000000000000000000000000000000000000000000009156000000000055600000000000001300106                         0000000000000000000000000                                             000005
102021974950001161584870000003760                             82090315159      000                        1421270106                              100206000000000750006500016000000000000270663101300106              0000000000000000000000000000000000000000000000007500000000000000000000000000001300106                         0000000000000000000000000                                             000006
102021974950001161584870000003760                             82090524149      000                        1421270106                              100106000000000375010408770000000000000125647101300106              0000000000000000000000000000000000000000000000003889000000000013900000000000001300106                         0000000000000000000000000                                             000007
102021974950001161584870000003760                             82090933146      000                        1421270106                              100106000000000750010408770000000000000125647101300106              0000000000000000000000000000000000000000000000007790000000000029000000000000001300106                         0000000000000000000000000                                             000008
102021974950001161584870000003760                             82091005137      000                        1421270106                              101205000000000375010408770000000000000125647101300106              0000000000000000000000000000000000000000000000004165000000000041500000000000001300106                         0000000000000000000000000                                             000009
102021974950001161584870000003760                             82091005145      000                        1421270106                              100106000000000375010408770000000000000125647101300106              0000000000000000000000000000000000000000000000004002000000000025200000000000001300106                         0000000000000000000000000                                             000010
102021974950001161584870000003760                             82091013130      000                        1421270106                              101205000000000375010408770000000000000125647101300106              0000000000000000000000000000000000000000000000004002000000000025200000000000001300106                         0000000000000000000000000                                             000011
102021974950001161584870000003760                             82091022147      000                        1421270106                              100106000000000375010408770000000000000125647101300106              0000000000000000000000000000000000000000000000004002000000000025200000000000001300106                         0000000000000000000000000                                             000012
102021974950001161584870000003760                             82091221158      000                        1421270106                              100206000000000750010400540000000000000125647101300106              0000000000000000000000000000000000000000000000007500000000000000000000000000001300106                         0000000000000000000000000                                             000013
102021974950001161584870000003760                             82110314136      000                        1421270106                              100106000000000860010407765000000000000240655100270106              0000000000000000000000000000000000000000000000008925000000000032500000000000001270106                         0000000000000000000000000                                             000014
102021974950001161584870000003760                             82110418136      000                        1421270106                              200106000000000750010408125000000000000125647101300106              0000000000000000000000000000000000000000000000007699000000000019900000000000001300106                         0000000000000000000000000                                             000015
102021974950001161584870000003760                             82120106145      000                        1421270106                              100106000000000650010421245000000000000125647101300106              0000000000000000000000000000000000000000000000006749000000000024900000000000001300106                         0000000000000000000000000                                             000016
102021974950001161584870000003760                             82120120148      000                        1421270106                              100106000000000650010421245000000000000125647101300106              0000000000000000000000000000000000000000000000006735000000000023500000000000001300106                         0000000000000000000000000                                             000017
102021974950001161584870000003760                             82130110161      000                        1421270106                              100206000000000860010409148000000000000125647101300106              0000000000000000000000000000000000000000000000008600000000000000000000000000001300106                         0000000000000000000000000                                             000018
9201104                                                                                                                                                                                                                                                                                                                                                                                                   000019
