02RETORNO01COBRANCA       1584870000003760    IPAD                          104C ECON FEDERAL 281205                                                                                                                                                                                                                                                                                                 00110000001
102021974950001161584870000003760                             82030124136      000                        1421281205                              100106000000000750000109176000000000000270663101291205              0000000000000000000000000000000000000000000000007500000000000000000000000000001291205                         0000000000000000000000000                                             000002
102021974950001161584870000003760                             82050237149      000                        1421281205                              311205000000026950000116506000000000000270663101291205              0000000000000000000000000000000000000000000000269500000000000000000000000000001291205                         0000000000000000000000000                                             000003
102021974950001161584870000003760                             82070106139      000                        1421281205                              101205000000000860010400450000000000000240655100281205              0000000000000000000000000000000000000000000000008916000000000031600000000000001281205                         0000000000000000000000000                                             000004
102021974950001161584870000003760                             82090115141      000                        1421281205                              100106000000000750010400540000000000000125647101291205              0000000000000000000000000000000000000000000000007500000000000000000000000000001291205                         0000000000000000000000000                                             000005
102021974950001161584870000003760                             82110204136      000                        1421281205                              100106000000000450010407765000000000000125620101291205              0000000000000000000000000000000000000000000000004500000000000000000000000000001291205                         0000000000000000000000000                                             000006
9201104                                                                                                                                                                                                                                                                                                                                                                                                   000007
