02RETORNO01COBRANCA       1584870000003760    IPAD                          104C ECON FEDERAL 281106                                                                                                                                                                                                                                                                                                 00338000001
102021974950001161584870000003760                             82030920161      000                        1421281106                              101206000000000760010407757000000000000125647101291106              0000000000000000000000000000000000000000000000007600000000000000000000000000001291106                         0000000000000000000000000                                             000002
102021974950001161584870000003760                             82031126124      000                        1421281106                              101206000000000760010424465000000000000240655100281106              0000000000000000000000000000000000000000000000007600000000000000000000000000001281106                         0000000000000000000000000                                             000003
102021974950001161584870000003760                             82071210150      000                        1421281106                              101106000000000760010400450000000000000125647101291106              0000000000000000000000000000000000000000000000007889000000000028900000000000001291106                         0000000000000000000000000                                             000004
102021974950001161584870000003760                             82071225158      000                        1421281106                              101106000000000760010400450000000000000125647101291106              0000000000000000000000000000000000000000000000007896000000000029600000000000001291106                         0000000000000000000000000                                             000005
102021974950001161584870000003760                             82071413116      000                        1421281106                              101106000000000760010421245000000000000125647101291106              0000000000000000000000000000000000000000000000007889000000000028900000000000001291106                         0000000000000000000000000                                             000006
9201104                                                                                                                                                                                                                                                                                                                                                                                                   000007
