02RETORNO01COBRANCA       1584870000003760    IPAD                          104C ECON FEDERAL 290606                                                                                                                                                                                                                                                                                                 00234000001
102021974950001161584870000003760                             82010329115      000                        1421290606                              300606000000002100000110606000000000000270663101300606              0000000000000000000000000000000000000000000000021000000000000000000000000000001300606                         0000000000000000000000000                                             000002
102021974950001161584870000003760                             82030317147      000                        1421290606                              300606000000000860000135056000000000000270663101300606              0000000000000000000000000000000000000000000000008600000000000000000000000000001300606                         0000000000000000000000000                                             000003
102021974950001161584870000003760                             82040520174      000                        1421290606                              290606000000000860006500016000000000000270663101300606              0000000000000000000000000000000000000000000000008600000000000000000000000000001300606                         0000000000000000000000000                                             000004
102021974950001161584870000003760                             82060633128      000                        1421290606                              000000000000000750039928996000000000000270663101300606              0000000000000000000000000000000000000000000000007500000000000000000000000000001300606                         0000000000000000000000000                                             000005
102021974950001161584870000003760                             82090816174      000                        1421290606                              100606000000000340010408770000000000000125647101300606              0000000000000000000000000000000000000000000000003487000000000008700000000000001300606                         0000000000000000000000000                                             000006
102021974950001161584870000003760                             82110608130      000                        1421290606                              200606000000000750010407765000000000000125647101300606              0000000000000000000000000000000000000000000000007730000000000023000000000000001300606                         0000000000000000000000000                                             000007
9201104                                                                                                                                                                                                                                                                                                                                                                                                   000008
