02RETORNO01COBRANCA       1584870000003760    IPAD                          104C ECON FEDERAL 291106                                                                                                                                                                                                                                                                                                 00339000001
102021974950001161584870000003760                             82010314169      000                        1421291106                              101106000000000660010409148000000000000125647101301106              0000000000000000000000000000000000000000000000006857000000000025700000000000001301106                         0000000000000000000000000                                             000002
102021974950001161584870000003760                             82060921158      000                        1421291106                              101106000000000760010410308000000000000125647101301106              0000000000000000000000000000000000000000000000007896000000000029600000000000001301106                         0000000000000000000000000                                             000003
102021974950001161584870000003760                             82090417156      000                        1421291106                              000000000000000750039928996000000000000270663101301106              0000000000000000000000000000000000000000000000007500000000000000000000000000001301106                         0000000000000000000000000                                             000004
102021974950001161584870000003760                             82090417164      000                        1421291106                              000000000000000750039928996000000000000270663101301106              0000000000000000000000000000000000000000000000007500000000000000000000000000001301106                         0000000000000000000000000                                             000005
102021974950001161584870000003760                             82090417172      000                        1421291106                              000000000000000750039928996000000000000270663101301106              0000000000000000000000000000000000000000000000007500000000000000000000000000001301106                         0000000000000000000000000                                             000006
102021974950001161584870000003760                             82130430123      000                        1421291106                              101106000000000760010409148000000000000125647101301106              0000000000000000000000000000000000000000000000007897000000000029700000000000001301106                         0000000000000000000000000                                             000007
9201104                                                                                                                                                                                                                                                                                                                                                                                                   000008
