02RETORNO01COBRANCA       1584870000003760    IPAD                          104C ECON FEDERAL 290107                                                                                                                                                                                                                                                                                                 00379000001
102021974950001161584870000003760                             82030701168      000                        1421290107                              100107000000000760010409148000000000000125647101300107              0000000000000000000000000000000000000000000000007766000000000016600000000000001300107                         0000000000000000000000000                                             000002
102021974950001161584870000003760                             82030714154      000                        1421290107                              101206000000000760010409148000000000000125647101300107              0000000000000000000000000000000000000000000000008109000000000050900000000000001300107                         0000000000000000000000000                                             000003
102021974950001161584870000003760                             82030714162      000                        1421290107                              100107000000000760010409148000000000000125647101300107              0000000000000000000000000000000000000000000000007881000000000028100000000000001300107                         0000000000000000000000000                                             000004
102021974950001161584870000003760                             82031006129      000                        1421290107                              300107000000000760000141966000000000000270663101300107              0000000000000000000000000000000000000000000000007600000000000000000000000000001300107                         0000000000000000000000000                                             000005
102021974950001161584870000003760                             82031017112      000                        1421290107                              301206000000000760010400523000000000000125647101300107              0000000000000000000000000000000000000000000000007781000000000018100000000000001300107                         0000000000000000000000000                                             000006
102021974950001161584870000003760                             82070719165      000                        1421290107                              201206000000000760010400477000000000000125647101300107              0000000000000000000000000000000000000000000000008032000000000043200000000000001300107                         0000000000000000000000000                                             000007
102021974950001161584870000003760                             82071210177      000                        1421290107                              100107000000000760010400485000000000000125647101300107              0000000000000000000000000000000000000000000000007881000000000028100000000000001300107                         0000000000000000000000000                                             000008
9201104                                                                                                                                                                                                                                                                                                                                                                                                   000009
