02RETORNO01COBRANCA       1584870000003760    IPAD                          104C ECON FEDERAL 290307                                                                                                                                                                                                                                                                                                 00419000001
102021974950001161584870000003760                             82000052161      000                        1421290307                              000000000000000800010407757000000000000125647101300307              0000000000000000000000000000000000000000000000008000000000000000000000000000001300307                         0000000000000000000000000                                             000002
102021974950001161584870000003760                             82000053036      000                        1421290307                              000000000000000800006500016000000000000270663101300307              0000000000000000000000000000000000000000000000008000000000000000000000000000001300307                         0000000000000000000000000                                             000003
102021974950001161584870000003760                             82000053117      000                        1421290307                              000000000000000800010430147000000000000125647101300307              0000000000000000000000000000000000000000000000008000000000000000000000000000001300307                         0000000000000000000000000                                             000004
102021974950001161584870000003760                             82000053125      000                        1421290307                              000000000000000800010430147000000000000125647101300307              0000000000000000000000000000000000000000000000008000000000000000000000000000001300307                         0000000000000000000000000                                             000005
102021974950001161584870000003760                             82000053761      000                        1421290307                              000000000000000800010405592000000000000125647101300307              0000000000000000000000000000000000000000000000008000000000000000000000000000001300307                         0000000000000000000000000                                             000006
102021974950001161584870000003760                             82000053818      000                        1421290307                              000000000000000800010405592000000000000125647101300307              0000000000000000000000000000000000000000000000008000000000000000000000000000001300307                         0000000000000000000000000                                             000007
102021974950001161584870000003760                             82000053842      000                        1421290307                              300307000000000800039928996000000000000270663101300307              0000000000000000000000000000000000000000000000008000000000000000000000000000001300307                         0000000000000000000000000                                             000008
102021974950001161584870000003760                             82000053915      000                        1421290307                              300307000000000800010407765000000000000125647101300307              0000000000000000000000000000000000000000000000008000000000000000000000000000001300307                         0000000000000000000000000                                             000009
102021974950001161584870000003760                             82000054300      000                        1421290307                              300307000000000800006500016000000000000270663101300307              0000000000000000000000000000000000000000000000008000000000000000000000000000001300307                         0000000000000000000000000                                             000010
102021974950001161584870000003760                             82000054318      000                        1421290307                              300307000000000800035610586000000000000270663101300307              0000000000000000000000000000000000000000000000008000000000000000000000000000001300307                         0000000000000000000000000                                             000011
102021974950001161584870000003760                             82000054326      000                        1421290307                              300307000000000800010407765000000000000125647101300307              0000000000000000000000000000000000000000000000008000000000000000000000000000001300307                         0000000000000000000000000                                             000012
102021974950001161584870000003760                             82031010142      000                        1421290307                              300307000000000760010400523000000000000125647101300307              0000000000000000000000000000000000000000000000007600000000000000000000000000001300307                         0000000000000000000000000                                             000013
102021974950001161584870000003760                             82031015144      000                        1421290307                              300307000000000760010400523000000000000125647101300307              0000000000000000000000000000000000000000000000007600000000000000000000000000001300307                         0000000000000000000000000                                             000014
102021974950001161584870000003760                             82031128160      000                        1421290307                              100407000000000760010424465000000000000125647101300307              0000000000000000000000000000000000000000000000007600000000000000000000000000001300307                         0000000000000000000000000                                             000015
9201104                                                                                                                                                                                                                                                                                                                                                                                                   000016
