02RETORNO01COBRANCA       1584870000003760    IPAD                          104C ECON FEDERAL 291105                                                                                                                                                                                                                                                                                                 00089000001
102021974950001161584870000003760                             82040101139      000                        1421291105                              101205000000000430075641796000000000000270663101301105              0000000000000000000000000000000000000000000000004300000000000000000000000000001301105                         0000000000000000000000000                                             000002
102021974950001161584870000003760                             82050211131      000                        1421291105                              101205000000000400006500016000000000000270663101301105              0000000000000000000000000000000000000000000000004000000000000000000000000000001301105                         0000000000000000000000000                                             000003
102021974950001161584870000003760                             82050301122      000                        1421291105                              101105000000000860010427782000000000000125647101301105              0000000000000000000000000000000000000000000000008935000000000033500000000000001301105                         0000000000000000000000000                                             000004
102021974950001161584870000003760                             82060118142      000                        1421291105                              151205000000000860006500016000000000000270663101301105              0000000000000000000000000000000000000000000000008600000000000000000000000000001301105                         0000000000000000000000000                                             000005
102021974950001161584870000003760                             82060123138      000                        1421291105                              151105000000000860010430171000000000000240655100291105              0000000000000000000000000000000000000000000000008892000000000029200000000000001291105                         0000000000000000000000000                                             000006
102021974950001161584870000003760                             82070523120      000                        1421291105                              151105000000000860010400450000000000000240655100291105              0000000000000000000000000000000000000000000000008892000000000029200000000000001291105                         0000000000000000000000000                                             000007
102021974950001161584870000003760                             82090333130      000                        1421291105                              101205000000000750010400540000000000000125647101301105              0000000000000000000000000000000000000000000000007500000000000000000000000000001301105                         0000000000000000000000000                                             000008
102021974950001161584870000003760                             82090901139      000                        1421291105                              101205000000000750010408770000000000000125647101301105              0000000000000000000000000000000000000000000000007500000000000000000000000000001301105                         0000000000000000000000000                                             000009
102021974950001161584870000003760                             82090929130      000                        1421291105                              101205000000000375006500016000000000000270663101301105              0000000000000000000000000000000000000000000000003750000000000000000000000000001301105                         0000000000000000000000000                                             000010
102021974950001161584870000003760                             82090936129      000                        1421291105                              101105000000000375010408770000000000000125647101301105              0000000000000000000000000000000000000000000000003822000000000007200000000000001301105                         0000000000000000000000000                                             000011
102021974950001161584870000003760                             82091128123      000                        1421291105                              101105000000000750010408770000000000000125647101301105              0000000000000000000000000000000000000000000000007792000000000029200000000000001301105                         0000000000000000000000000                                             000012
102021974950001161584870000003760                             82999031168      000                        1421291105                              301105000000000860010407757000000000000125647101301105              0000000000000000000000000000000000000000000000008600000000000000000000000000001301105                         0000000000000000000000000                                             000013
102021974950001161584870000003760                             82999031192      000                        1421291105                              301105000000000860010407757000000000000125647101301105              0000000000000000000000000000000000000000000000008600000000000000000000000000001301105                         0000000000000000000000000                                             000014
102021974950001161584870000003760                             82999031273      000                        1421291105                              301105000000000860010407757000000000000125647101301105              0000000000000000000000000000000000000000000000008600000000000000000000000000001301105                         0000000000000000000000000                                             000015
102021974950001161584870000003760                             82999031362      000                        1421291105                              301105000000000860010407757000000000000125647101301105              0000000000000000000000000000000000000000000000008600000000000000000000000000001301105                         0000000000000000000000000                                             000016
102021974950001161584870000003760                             82999031389      000                        1421291105                              301105000000000860006500016000000000000270663101301105              0000000000000000000000000000000000000000000000008600000000000000000000000000001301105                         0000000000000000000000000                                             000017
102021974950001161584870000003760                             82999031427      000                        1421291105                              301105000000000860006500016000000000000270663101301105              0000000000000000000000000000000000000000000000008600000000000000000000000000001301105                         0000000000000000000000000                                             000018
102021974950001161584870000003760                             82999031443      000                        1421291105                              301105000000000860006500016000000000000270663101301105              0000000000000000000000000000000000000000000000008600000000000000000000000000001301105                         0000000000000000000000000                                             000019
102021974950001161584870000003760                             82999031532      000                        1421291105                              301105000000000860006500016000000000000270663101301105              0000000000000000000000000000000000000000000000008600000000000000000000000000001301105                         0000000000000000000000000                                             000020
102021974950001161584870000003760                             82999031559      000                        1421291105                              301105000000000860006500016000000000000270663101301105              0000000000000000000000000000000000000000000000008600000000000000000000000000001301105                         0000000000000000000000000                                             000021
102021974950001161584870000003760                             82999031575      000                        1421291105                              301105000000000860006500016000000000000270663101301105              0000000000000000000000000000000000000000000000008600000000000000000000000000001301105                         0000000000000000000000000                                             000022
102021974950001161584870000003760                             82999031788      000                        1421291105                              301105000000000860010409156000000000000125647101301105              0000000000000000000000000000000000000000000000008600000000000000000000000000001301105                         0000000000000000000000000                                             000023
9201104                                                                                                                                                                                                                                                                                                                                                                                                   000024
