02RETORNO01COBRANCA       1584870000003760    IPAD                          104C ECON FEDERAL 300506                                                                                                                                                                                                                                                                                                 00213000001
102021974950001161584870000003760                             82000035070      000                        1421300506                              100306000000000750010407765000000000000125647101310506              0000000000000000000000000000000000000000000000007690000000000019000000000000001310506                         0000000000000000000000000                                             000002
102021974950001161584870000003760                             82000041100      000                        1421300506                              000000000000000760010410308000000000000125647101310506              0000000000000000000000000000000000000000000000007600000000000000000000000000001310506                         0000000000000000000000000                                             000003
102021974950001161584870000003760                             82000043928      000                        1421300506                              000000000000000760000127026000000000000270663101310506              0000000000000000000000000000000000000000000000007600000000000000000000000000001310506                         0000000000000000000000000                                             000004
102021974950001161584870000003760                             82000044010      000                        1421300506                              000000000000000760035610386000000000000270663101310506              0000000000000000000000000000000000000000000000007600000000000000000000000000001310506                         0000000000000000000000000                                             000005
102021974950001161584870000003760                             82000044096      000                        1421300506                              000000000000000760010409148000000000000125647101310506              0000000000000000000000000000000000000000000000007600000000000000000000000000001310506                         0000000000000000000000000                                             000006
102021974950001161584870000003760                             82000044100      000                        1421300506                              000000000000000760010409148000000000000125647101310506              0000000000000000000000000000000000000000000000007600000000000000000000000000001310506                         0000000000000000000000000                                             000007
102021974950001161584870000003760                             82000044517      000                        1421300506                              000000000000000760075641796000000000000270663101310506              0000000000000000000000000000000000000000000000007600000000000000000000000000001310506                         0000000000000000000000000                                             000008
102021974950001161584870000003760                             82000045092      000                        1421300506                              000000000000000760010409156000000000000125647101310506              0000000000000000000000000000000000000000000000007600000000000000000000000000001310506                         0000000000000000000000000                                             000009
102021974950001161584870000003760                             82000045483      000                        1421300506                              000000000000000760000122296000000000000270663101310506              0000000000000000000000000000000000000000000000007600000000000000000000000000001310506                         0000000000000000000000000                                             000010
102021974950001161584870000003760                             82000045548      000                        1421300506                              000000000000000760000122296000000000000270663101310506              0000000000000000000000000000000000000000000000007600000000000000000000000000001310506                         0000000000000000000000000                                             000011
102021974950001161584870000003760                             82000045572      000                        1421300506                              000000000000000760010407757000000000000125647101310506              0000000000000000000000000000000000000000000000007600000000000000000000000000001310506                         0000000000000000000000000                                             000012
102021974950001161584870000003760                             82000045653      000                        1421300506                              000000000000000760000122296000000000000270663101310506              0000000000000000000000000000000000000000000000007600000000000000000000000000001310506                         0000000000000000000000000                                             000013
102021974950001161584870000003760                             82010317117      000                        1421300506                              100606000000000660006500016000000000000270663101310506              0000000000000000000000000000000000000000000000006600000000000000000000000000001310506                         0000000000000000000000000                                             000014
102021974950001161584870000003760                             82030301135      000                        1421300506                              300506000000000860006500016000000000000270663101310506              0000000000000000000000000000000000000000000000008600000000000000000000000000001310506                         0000000000000000000000000                                             000015
102021974950001161584870000003760                             82030304134      000                        1421300506                              300506000000000860006500016000000000000270663101310506              0000000000000000000000000000000000000000000000008600000000000000000000000000001310506                         0000000000000000000000000                                             000016
102021974950001161584870000003760                             82030311130      000                        1421300506                              300506000000000860006500016000000000000270663101310506              0000000000000000000000000000000000000000000000008600000000000000000000000000001310506                         0000000000000000000000000                                             000017
102021974950001161584870000003760                             82030312137      000                        1421300506                              300506000000000860006500016000000000000270663101310506              0000000000000000000000000000000000000000000000008600000000000000000000000000001310506                         0000000000000000000000000                                             000018
102021974950001161584870000003760                             82030313133      000                        1421300506                              300506000000000860010409156000000000000125647101310506              0000000000000000000000000000000000000000000000008600000000000000000000000000001310506                         0000000000000000000000000                                             000019
102021974950001161584870000003760                             82030319131      000                        1421300506                              300506000000000860010409156000000000000125647101310506              0000000000000000000000000000000000000000000000008600000000000000000000000000001310506                         0000000000000000000000000                                             000020
102021974950001161584870000003760                             82030322132      000                        1421300506                              300506000000000860010409156000000000000125647101310506              0000000000000000000000000000000000000000000000008600000000000000000000000000001310506                         0000000000000000000000000                                             000021
102021974950001161584870000003760                             82030324135      000                        1421300506                              300506000000000860010409156000000000000125647101310506              0000000000000000000000000000000000000000000000008600000000000000000000000000001310506                         0000000000000000000000000                                             000022
102021974950001161584870000003760                             82030326138      000                        1421300506                              300506000000000860010409156000000000000125647101310506              0000000000000000000000000000000000000000000000008600000000000000000000000000001310506                         0000000000000000000000000                                             000023
102021974950001161584870000003760                             82030328130      000                        1421300506                              300506000000000860006500016000000000000270663101310506              0000000000000000000000000000000000000000000000008600000000000000000000000000001310506                         0000000000000000000000000                                             000024
102021974950001161584870000003760                             82030433120      000                        1421300506                              100506000000000760010407757000000000000125647101310506              0000000000000000000000000000000000000000000000007904000000000030400000000000001310506                         0000000000000000000000000                                             000025
102021974950001161584870000003760                             82030433139      000                        1421300506                              100606000000000760010407757000000000000125647101310506              0000000000000000000000000000000000000000000000007600000000000000000000000000001310506                         0000000000000000000000000                                             000026
102021974950001161584870000003760                             82030434135      000                        1421300506                              100606000000000760010407757000000000000125647101310506              0000000000000000000000000000000000000000000000007600000000000000000000000000001310506                         0000000000000000000000000                                             000027
102021974950001161584870000003760                             82050118174      000                        1421300506                              100406000000000400010400531000000000000125647101310506              0000000000000000000000000000000000000000000000004285000000000028500000000000001310506                         0000000000000000000000000                                             000028
102021974950001161584870000003760                             82070514172      000                        1421300506                              150406000000000860010415849000000000000125647101310506              0000000000000000000000000000000000000000000000009159000000000055900000000000001310506                         0000000000000000000000000                                             000029
102021974950001161584870000003760                             82070632116      000                        1421300506                              210506000000000760010405592000000000000125647101310506              0000000000000000000000000000000000000000000000007820000000000022000000000000001310506                         0000000000000000000000000                                             000030
102021974950001161584870000003760                             82090609160      000                        1421300506                              300506000000000375010408770000000000000125647101310506              0000000000000000000000000000000000000000000000003750000000000000000000000000001310506                         0000000000000000000000000                                             000031
102021974950001161584870000003760                             82090721165      000                        1421300506                              100606000000000750006500016000000000000270663101310506              0000000000000000000000000000000000000000000000007500000000000000000000000000001310506                         0000000000000000000000000                                             000032
102021974950001161584870000003760                             82110105170      000                        1421300506                              100506000000000750010407765000000000000125647101310506              0000000000000000000000000000000000000000000000007800000000000030000000000000001310506                         0000000000000000000000000                                             000033
102021974950001161584870000003760                             82110312150      000                        1421300506                              100306000000000860010407765000000000000125647101310506              0000000000000000000000000000000000000000000000009501000000000090100000000000001310506                         0000000000000000000000000                                             000034
102021974950001161584870000003760                             82110312168      000                        1421300506                              100406000000000860010407765000000000000125647101310506              0000000000000000000000000000000000000000000000009231000000000063100000000000001310506                         0000000000000000000000000                                             000035
102021974950001161584870000003760                             82110837120      000                        1421300506                              250506000000000750010407765000000000000125647101310506              0000000000000000000000000000000000000000000000007690000000000019000000000000001310506                         0000000000000000000000000                                             000036
9201104                                                                                                                                                                                                                                                                                                                                                                                                   000037
